timestamp,askPrice,bidPrice
1547416809672,3575.5,3455.5
1547416814073,3575,3455
1547416815169,3575.2,3455.2
1547416819491,3575,3455
1547416820601,3575.2,3455.2
1547416821716,3575.5,3455.5
1547416824965,3574.9,3454.9
1547416826051,3575.5,3455.5
1547416831490,3574.9,3454.9
1547416832554,3575.2,3455.2
1547416833635,3575.4,3455.4
1547416834720,3575,3455
1547416836043,3574.9,3454.9
1547416839052,3575,3455
1547416839303,3574.9,3454.9
1547416840046,3574.8,3454.8
1547416840296,3575,3455
1547416841288,3574.2,3454.2
1547416842362,3574.8,3454.8
1547416843445,3574.7,3454.7
1547416843694,3574.6,3454.6
1547416844052,3574.5,3454.5
1547416850039,3574.6,3454.6
1547416850286,3574.3,3454.3
1547416851052,3574.2,3454.2
1547416851297,3574.3,3454.3
1547416853272,3574.1,3454.1
1547416854056,3574,3454
1547416855053,3574.1,3454.1
1547416856684,3574,3454
1547416857612,3574.1,3454.1
1547416858055,3574,3454
1547416859794,3574.2,3454.2
1547416860044,3574.1,3454.1
1547416861063,3574.2,3454.2
1547416862674,3574,3454
1547416871655,3573.9,3453.9
1547416880343,3573.8,3453.8
1547416890029,3573.9,3453.9
1547416893049,3574,3454
1547416893308,3573.9,3453.9
1547416894027,3573.8,3453.8
1547416894346,3573.9,3453.9
1547416895063,3574,3454
1547416895420,3573.8,3453.8
1547416897051,3573.9,3453.9
1547416898041,3573.8,3453.8
1547416899032,3573.9,3453.9
1547416900844,3574.1,3454.1
1547416906216,3574.1,3455.2
1547416910074,3574.2,3455.2
1547416910543,3574,3455.2
1547416914065,3573.9,3455.2
1547416918548,3573.8,3455.2
1547416918797,3573.9,3455.2
1547416919200,3573.8,3455.2
1547416919251,3573.8,3454.1
1547416920326,3573.9,3454.1
1547416920496,3573.9,3455
1547416920693,3573.8,3455
1547416921438,3574.1,3455
1547416921489,3574.1,3455.2
1547416923623,3573.6,3455.2
1547416924200,3573.6,3455.1
1547416924697,3573.9,3455.1
1547416930263,3574,3455.1
1547416932425,3573.9,3455.1
1547416934113,3573.8,3455
1547416934578,3573.9,3455
1547416935287,3573.8,3455.1
1547416935664,3573.7,3455.1
1547416937047,3573.6,3454.8
1547416937805,3574.3,3454.8
1547416937856,3574.3,3455.1
1547416938897,3573.6,3455.1
1547416938947,3573.6,3454.9
1547416939963,3573.7,3454.9
1547416941008,3573.8,3454.9
1547416941058,3573.8,3455.1
1547416942156,3573.8,3455
1547416942306,3573.7,3455
1547416958655,3573.8,3455
1547416961072,3573.7,3455
1547416961322,3573.8,3455
1547416961950,3573.5,3455
1547416962200,3573.4,3455
1547416962794,3573.5,3455
1547416963869,3573.7,3455
1547416968223,3573.5,3455
1547416970417,3573.7,3455
1547416971508,3573.2,3455
1547416972586,3574,3454.9
1547416972838,3574.1,3455
1547416973088,3574,3455
1547416973679,3573.5,3455
1547416974068,3573.6,3455
1547416976468,3573.7,3455
1547416976718,3573.6,3455
1547416977667,3573.7,3455
1547416978684,3573.6,3455
1547416978992,3573.7,3455
1547416980064,3573.8,3455
1547416980314,3574.2,3455
1547416981048,3574.3,3455
1547416981338,3574,3455
1547416983549,3574.1,3455
1547416986055,3574,3455
1547416986215,3574,3454.9
1547416990035,3574.3,3454.9
1547416990288,3574.4,3454.9
1547416991043,3574.3,3454.9
1547416993052,3574.4,3454.9
1547416994066,3574.3,3454.9
1547416996072,3574.4,3454.9
1547416998352,3574.4,3455
1547416998666,3574.5,3455
1547417001953,3574.6,3455
1547417003032,3574.7,3455
1547417003761,3574.5,3455
1547417004261,3573.9,3455
1547417005027,3574.1,3455
1547417005278,3574.5,3455
1547417006318,3573.9,3455
1547417007474,3574.4,3455
1547417010043,3574.3,3455
1547417010681,3574.4,3455
1547417011374,3574.5,3455
1547417011624,3574.4,3455
1547417012525,3574.5,3455
1547417020423,3574.3,3455
1547417021550,3574,3455
1547417022630,3573.9,3455
1547417030243,3574.3,3455
1547417030605,3574.3,3455.1
1547417038034,3574.4,3455.1
1547417044060,3574.3,3455.1
1547417046058,3574.4,3455.1
1547417048172,3574.5,3455.1
1547417055241,3574.3,3455.1
1547417055490,3574.2,3455.1
1547417055741,3574.3,3455.1
1547417055990,3574.2,3455.1
1547417056897,3574.1,3455.1
1547417057147,3574.2,3455.1
1547417057393,3573.7,3454.2
1547417057444,3573.1,3453.6
1547417059050,3573,3453.6
1547417059550,3572.9,3453.6
1547417059898,3572.8,3454.2
1547417060145,3572.5,3454.2
1547417060635,3572.1,3454.2
1547417060685,3572.1,3453.1
1547417061736,3572.1,3454.8
1547417061786,3573.1,3454.8
1547417062293,3573.3,3454.8
1547417062543,3573.1,3454.8
1547417062793,3572.9,3454.8
1547417062843,3572.9,3454.3
1547417063911,3572.7,3454.3
1547417064161,3572.6,3454.3
1547417065027,3572.5,3454.3
1547417067044,3572.2,3454.3
1547417070419,3571.6,3454.3
1547417070469,3571.6,3452.5
1547417071069,3571.5,3452.5
1547417071528,3571.5,3453.5
1547417071578,3572.1,3453.5
1547417072054,3572.2,3453.5
1547417072304,3572.1,3453.5
1547417072591,3572.4,3453.5
1547417072641,3572.4,3454
1547417074033,3572.3,3454
1547417078070,3572.6,3454
1547417078121,3572.6,3454.2
1547417079143,3572.7,3454.2
1547417080236,3572.3,3454.5
1547417080518,3572.4,3454.5
1547417081882,3572.3,3454.5
1547417082109,3572.3,3454.2
1547417082312,3572.2,3454.2
1547417082381,3572.4,3454.2
1547417082508,3572.4,3454
1547417082631,3572.3,3454
1547417083614,3572.3,3453.9
1547417084030,3572.2,3453.9
1547417084809,3572.3,3453.9
1547417085260,3572.5,3453.9
1547417085510,3572.4,3453.9
1547417086271,3572.3,3453.9
1547417086521,3572.4,3453.9
1547417086771,3572.3,3453.9
1547417087021,3572.4,3453.9
1547417087271,3572.2,3453.9
1547417089060,3572.2,3452.4
1547417089430,3572.3,3452.4
1547417089970,3572.2,3452.4
1547417092073,3572.3,3452.4
1547417092323,3572.4,3452.4
1547417093068,3572.3,3452.4
1547417094289,3571.6,3452.4
1547417095432,3572,3452.4
1547417095483,3572,3452.1
1547417095656,3572,3452.2
1547417096313,3571.9,3452.2
1547417096547,3572.1,3452.2
1547417096663,3572.1,3452.7
1547417096798,3572.2,3452.7
1547417097047,3572.1,3452.7
1547417097602,3572.2,3452.7
1547417097965,3572.2,3452.5
1547417098066,3572.1,3452.5
1547417099198,3572.1,3452.7
1547417099790,3572.2,3452.7
1547417100289,3572.3,3452.9
1547417100436,3572.3,3453.2
1547417100885,3571.9,3453.2
1547417101135,3571.8,3453.2
1547417102097,3571.8,3452.3
1547417103074,3571.7,3452.3
1547417103201,3571.7,3453.2
1547417103323,3571.9,3453.2
1547417104292,3571.5,3453.2
1547417104342,3571.5,3452.8
1547417104542,3571.4,3452.8
1547417105054,3571.3,3452.8
1547417105425,3571.5,3452.8
1547417105476,3571.5,3452.3
1547417106527,3571.7,3452.3
1547417106578,3571.7,3452.8
1547417106746,3571.7,3452.5
1547417108674,3571.7,3452.4
1547417109153,3571.6,3452.4
1547417109403,3571.7,3452.4
1547417110053,3571.5,3452.4
1547417110671,3571.4,3452.4
1547417110884,3571.4,3451.7
1547417110934,3570.8,3451.7
1547417111901,3570.9,3451.7
1547417111951,3570.9,3451.5
1547417112159,3570.8,3451.5
1547417113056,3570.8,3451.6
1547417114118,3571.2,3451.6
1547417114881,3571.2,3451.8
1547417115082,3571.2,3452
1547417115284,3571,3452
1547417116042,3571.1,3452
1547417116608,3571.1,3451.6
1547417117416,3571.2,3451.6
1547417117857,3571.1,3451.6
1547417118166,3571.1,3451.4
1547417118607,3570.8,3451.4
1547417119593,3570.9,3451.4
1547417120676,3571.1,3451.4
1547417121883,3571.2,3451.4
1547417122132,3571.1,3451.4
1547417122877,3570.3,3451.4
1547417122928,3570.2,3450.3
1547417123151,3570.2,3450.4
1547417123990,3570.2,3450.9
1547417124041,3570.9,3451.3
1547417125115,3570.9,3451.2
1547417126317,3570.8,3451.2
1547417128355,3570.8,3451
1547417129058,3570.7,3451
1547417129479,3570.4,3451
1547417129529,3570.2,3450.4
1547417131653,3570.2,3450.3
1547417131704,3570.3,3450.5
1547417132745,3570.4,3450.5
1547417136036,3570.9,3450.9
1547417136216,3570.9,3451.4
1547417136885,3571,3451.4
1547417137134,3570.9,3451.4
1547417140426,3571.1,3451.4
1547417141078,3571,3451.4
1547417141452,3570.7,3451.4
1547417142530,3570.4,3451.4
1547417143667,3570.6,3451.4
1547417144750,3570.7,3451.4
1547417145859,3570.6,3451.4
1547417146108,3570.7,3451.4
1547417147025,3570.7,3451.7
1547417147179,3571.1,3451.7
1547417148063,3570.9,3451.7
1547417148440,3571,3451.7
1547417148690,3570.9,3451.7
1547417149069,3571,3451.7
1547417149319,3571.6,3451.9
1547417150184,3571.7,3451.9
1547417150366,3571.7,3452
1547417150571,3571.7,3452.1
1547417150965,3571.7,3452.2
1547417151070,3571.9,3452.2
1547417152364,3571.8,3452.2
1547417153505,3572,3452.2
1547417154099,3571.9,3452.2
1547417154600,3572,3452.2
1547417154850,3571.9,3452.2
1547417155100,3572,3452.2
1547417155575,3572,3452.1
1547417156034,3572.1,3452.1
1547417156800,3571.9,3452.1
1547417157057,3572,3452.1
1547417157319,3571.9,3452.1
1547417157848,3571.8,3452.1
1547417158066,3571.8,3452
1547417158934,3572.1,3452.2
1547417159617,3572.2,3452.2
1547417160000,3571.7,3452.1
1547417161014,3571.7,3452.2
1547417163061,3571.8,3452.2
1547417164030,3571.7,3452.2
1547417165163,3571.8,3452.2
1547417165413,3571.7,3452.2
1547417166150,3571.8,3452.2
1547417166386,3571.8,3452.3
1547417166587,3571.7,3452.3
1547417166786,3571.7,3452.4
1547417166887,3571.8,3452.4
1547417167138,3571.7,3452.4
1547417167387,3571.8,3452.3
1547417167901,3571.9,3452.3
1547417169790,3571.9,3452.4
1547417170061,3571.8,3452.4
1547417170724,3571.9,3452.4
1547417171005,3572.1,3452.4
1547417171223,3572.2,3452.4
1547417171355,3572.2,3452.5
1547417171471,3572.3,3452.5
1547417171866,3572.4,3452.5
1547417172049,3572.4,3452.6
1547417173128,3572.4,3453
1547417173291,3572.9,3453
1547417173587,3572.8,3453
1547417173838,3572.9,3453
1547417175335,3573.1,3453.1
1547417176043,3573.1,3453.3
1547417176356,3573.1,3453.6
1547417176407,3573.6,3453.6
1547417176691,3573.5,3453.6
1547417176779,3573.1,3453.5
1547417177218,3573.1,3453.6
1547417178293,3573.6,3453.6
1547417180047,3573.6,3453.7
1547417180676,3573.2,3453.6
1547417181805,3573.5,3453.5
1547417182864,3572.3,3453.5
1547417182915,3572.3,3452.6
1547417183115,3572.4,3452.6
1547417184243,3572.7,3452.9
1547417188070,3572.7,3452.8
1547417188603,3572.7,3452.9
1547417190557,3572.7,3453
1547417191677,3572.7,3453.4
1547417192031,3572.7,3453.5
1547417192748,3572.7,3453
1547417194957,3572.7,3453.7
1547417195007,3573.2,3453.7
1547417195993,3573.2,3453.6
1547417196216,3573.6,3453.6
1547417196266,3573.6,3453.9
1547417198215,3573.6,3453.7
1547417199047,3573.8,3453.8
1547417199307,3573.2,3453.8
1547417199357,3573.2,3453.2
1547417199715,3572.9,3453.2
1547417200066,3572.9,3453.6
1547417200206,3573,3453.6
1547417200417,3573,3453
1547417200467,3572.8,3453
1547417200620,3572.8,3452.8
1547417201510,3572.4,3452.8
1547417202583,3571.9,3452.8
1547417202801,3571.9,3452.7
1547417203321,3571.9,3452.8
1547417203520,3571.9,3452.6
1547417203653,3571.7,3452.6
1547417203720,3571.7,3452.4
1547417204074,3571.6,3452.4
1547417204742,3571.9,3452.4
1547417204996,3571.8,3452.4
1547417205496,3571.7,3452.4
1547417205903,3571.8,3452.4
1547417206679,3571.7,3452.4
1547417206929,3572,3452.4
1547417207055,3572,3452.5
1547417207257,3571.7,3452.5
1547417207507,3571.8,3452.5
1547417207871,3571.7,3452.5
1547417208121,3572,3452.6
1547417208620,3571.9,3452.6
1547417209053,3571.7,3452.6
1547417209389,3571.7,3452.7
1547417209589,3571.7,3452.6
1547417210284,3571.6,3452.6
1547417210534,3571.8,3452.6
1547417210885,3571.5,3452.6
1547417211134,3571.6,3452.6
1547417211349,3571.6,3452.7
1547417211548,3571.3,3452.5
1547417212470,3571.5,3452.5
1547417212784,3571.5,3452.6
1547417213566,3571.6,3452.6
1547417213840,3571.5,3452.6
1547417214090,3571.7,3452.6
1547417214483,3571.5,3452.6
1547417214744,3571.7,3452.6
1547417216901,3571.6,3452.6
1547417217151,3571.8,3452.6
1547417217491,3571.6,3452.6
1547417217912,3571.6,3452.5
1547417219000,3572,3452.5
1547417220063,3571.9,3452.5
1547417220295,3571.9,3452.2
1547417221301,3571.9,3452.7
1547417222931,3571.9,3452.8
1547417224184,3571.9,3453
1547417229215,3571.9,3452.9
1547417230034,3572,3452.9
1547417230808,3571.8,3452.9
1547417231067,3571.9,3452.9
1547417232023,3571.9,3452.7
1547417232159,3571.8,3452.7
1547417236044,3571.7,3452.7
1547417240052,3571.8,3452.7
1547417241202,3571.7,3452.7
1547417241451,3571.6,3452.7
1547417241721,3571.4,3452.7
1547417243105,3571.4,3452.4
1547417243935,3571.2,3452.4
1547417243985,3571.2,3451.7
1547417244186,3571,3451.7
1547417244435,3570.9,3451.7
1547417244712,3571,3451.7
1547417245013,3571.4,3451.7
1547417245064,3571.4,3452.3
1547417246034,3571.3,3452.3
1547417246215,3571.3,3452
1547417248044,3571.2,3452
1547417248294,3571,3452
1547417248544,3570.9,3452
1547417251036,3570.8,3452
1547417254042,3570.7,3452
1547417255057,3570.6,3452
1547417255856,3570.7,3452
1547417256953,3570.5,3452.3
1547417257003,3570.5,3451.8
1547417263058,3570.4,3451.8
1547417267028,3570.3,3451.8
1547417267279,3570.2,3451.8
1547417269012,3570.4,3451.8
1547417269762,3570.3,3451.8
1547417270026,3570.4,3451.8
1547417271137,3569.7,3451.8
1547417271187,3569.7,3450.6
1547417271388,3569.6,3450.6
1547417272226,3569.8,3450.6
1547417272305,3569.8,3451.1
1547417272543,3569.9,3451.1
1547417273288,3570,3451.1
1547417273540,3569.9,3451.3
1547417274326,3570.1,3451.3
1547417274581,3569.9,3451.3
1547417275488,3569.9,3451.4
1547417276061,3569.8,3451.4
1547417276687,3569.8,3451.6
1547417276887,3569.9,3451.6
1547417277136,3569.8,3451.6
1547417280090,3570,3451.6
1547417281105,3570,3451.7
1547417285536,3570.2,3451.7
1547417285786,3570.1,3451.7
1547417286186,3570.2,3451.7
1547417286436,3570.1,3451.7
1547417288043,3570.2,3451.7
1547417296070,3570.1,3451.7
1547417305300,3570.2,3451.7
1547417305550,3570.1,3451.7
1547417307046,3570,3451.7
1547417316038,3570.1,3451.7
1547417320056,3570,3451.7
1547417321073,3570.1,3451.7
1547417322048,3570,3451.7
1547417328095,3569.9,3451.7
1547417330209,3570.1,3451.7
1547417331303,3569.8,3451.7
1547417332457,3569.4,3450.5
1547417333468,3569.9,3450.5
1547417333519,3569.9,3451.4
1547417334050,3569.8,3451.4
1547417336078,3569.7,3451.4
1547417343042,3569.8,3451.4
1547417347059,3569.9,3451.4
1547417350032,3569.8,3451.4
1547417359279,3569.8,3451.1
1547417361554,3569.8,3450.9
1547417361715,3569.8,3451
1547417361912,3569.8,3450.3
1547417362239,3569.9,3450.3
1547417362505,3569.8,3450.3
1547417365093,3569.5,3450.3
1547417367052,3569.3,3450.3
1547417370036,3569.4,3450.3
1547417370516,3569.6,3450.3
1547417371617,3569,3450.2
1547417371668,3569,3449.4
1547417374230,3569.1,3449.4
1547417374482,3569,3449.4
1547417374869,3569.2,3449.4
1547417374919,3569.2,3449.9
1547417376058,3569,3449.9
1547417379757,3568.9,3449.9
1547417380328,3569,3449.9
1547417380578,3568.9,3449.9
1547417381453,3568.5,3449.9
1547417381503,3568.5,3449
1547417382050,3568.6,3449
1547417382581,3569,3449
1547417382632,3569,3449.9
1547417382831,3569,3449.6
1547417382934,3568.9,3449.6
1547417383184,3569,3449.6
1547417383434,3569.1,3449.6
1547417383628,3569.1,3449.5
1547417383730,3569,3449.5
1547417384048,3568.9,3449.5
1547417384720,3568.9,3449.6
1547417385047,3568.8,3449.6
1547417385652,3568.8,3449.2
1547417385831,3568.6,3449.2
1547417386055,3568.6,3448.8
1547417386252,3568.7,3448.8
1547417386332,3568.5,3448.8
1547417386581,3568.4,3448.8
1547417386832,3568.2,3448.8
1547417386928,3568.2,3448.2
1547417387081,3567.8,3448.1
1547417387132,3567.8,3447.8
1547417387330,3567.7,3447.7
1547417388032,3567.6,3447.7
1547417388283,3567.5,3447.5
1547417389056,3567.4,3447.4
1547417389355,3567.2,3447.4
1547417389933,3567.1,3447.4
1547417390180,3567,3447.4
1547417390431,3567.1,3447.4
1547417391259,3567.4,3447.4
1547417391309,3567.4,3447.6
1547417391508,3567.3,3447.6
1547417391758,3567.4,3447.6
1547417392041,3567.3,3447.6
1547417392291,3567.2,3447.6
1547417392421,3567.2,3447.7
1547417392542,3567.4,3447.7
1547417392792,3567.6,3447.7
1547417393051,3567.5,3447.7
1547417393303,3567.4,3447.7
1547417393448,3567.4,3448.3
1547417393550,3567.7,3448.3
1547417395211,3567.7,3447.9
1547417395644,3567.6,3447.9
1547417397074,3567.6,3448
1547417399356,3567.7,3448
1547417399560,3567.6,3448
1547417399705,3567.6,3448.1
1547417399810,3567.7,3448.1
1547417400060,3567.6,3448.1
1547417400111,3567.6,3448.3
1547417400307,3567.6,3448
1547417400507,3567.6,3448.1
1547417400713,3567.7,3448
1547417400921,3567.7,3448.1
1547417401726,3567.7,3448.2
1547417403687,3567.8,3448.2
1547417403961,3567.9,3448.2
1547417404198,3567.8,3448.2
1547417404361,3567.8,3448.3
1547417405159,3567.8,3448.2
1547417408077,3567.9,3448.2
1547417409046,3567.8,3448.2
1547417409768,3567.9,3448.2
1547417410020,3567.8,3448.2
1547417411078,3567.9,3448.2
1547417428005,3568,3448.2
1547417428255,3567.8,3448.2
1547417429572,3568.1,3448.2
1547417430435,3568.1,3448.3
1547417430621,3567.9,3448.3
1547417431958,3568,3448.3
1547417432674,3567.9,3448.3
1547417432924,3568,3448.3
1547417433896,3568.1,3448.3
1547417434146,3568.2,3448.3
1547417434969,3568.3,3448.3
1547417435219,3568.4,3448.4
1547417436043,3568.4,3448.5
1547417440248,3568.4,3448.6
1547417447777,3568.6,3448.6
1547417449057,3568.6,3448.7
1547417453428,3568.6,3448.9
1547417453674,3568.6,3449.2
1547417455652,3568.6,3449.4
1547417456215,3569,3449.4
1547417456725,3569,3449.6
1547417457062,3569,3449.7
1547417460025,3569,3449.6
1547417460275,3569,3449.4
1547417462222,3569,3449.9
1547417462272,3569.7,3449.9
1547417464396,3569.7,3449.7
1547417465046,3569.7,3449.8
1547417470090,3569.7,3450
1547417470340,3569.7,3449.9
1547417470949,3569.6,3449.6
1547417472050,3569.7,3449.8
1547417473153,3569.2,3449.8
1547417474033,3569.2,3449.9
1547417474226,3569,3449.9
1547417474532,3569,3449.7
1547417478026,3569,3449.8
1547417480037,3569,3449.7
1547417481502,3569,3449.8
1547417483056,3569,3449.7
1547417483748,3569,3449.5
1547417483998,3569,3449.6
1547417486331,3569,3449.5
1547417487370,3569,3449.4
1547417488031,3569,3449.5
1547417488506,3569,3449.6
1547417489582,3569,3449.7
1547417490715,3569,3449.6
1547417493052,3569,3449.5
1547417497155,3569,3449.7
1547417498040,3569,3449.8
1547417502067,3569,3449.9
1547417503856,3569,3449.8
1547417504148,3569,3449.9
1547417505101,3569,3449.8
1547417505351,3569,3449.9
1547417506262,3569,3449.8
1547417506512,3569,3449.9
1547417508048,3569,3449.8
1547417513056,3569,3449.9
1547417516869,3569,3449.8
1547417519047,3569,3449.7
1547417522115,3569,3449.8
1547417522364,3569,3449.7
1547417526308,3569,3449.8
1547417529036,3569,3449.9
1547417540049,3569,3450
1547417543063,3569,3449.9
1547417548052,3569,3450
1547417551698,3569.1,3450
1547417554057,3569.1,3450.1
1547417559067,3569.1,3450
1547417562047,3569.1,3450.1
1547417564052,3569.1,3450
1547417565158,3569,3450
1547417569639,3569,3450.1
1547417571935,3569.2,3450.1
1547417580040,3569.2,3450
1547417581076,3569.2,3450.1
1547417592444,3569.2,3450.6
1547417592494,3570,3450.6
1547417593553,3570,3450.7
1547417598050,3570,3450.8
1547417598907,3570,3450.9
1547417604041,3570,3451
1547417615140,3570,3450.3
1547417615190,3569.2,3450.3
1547417616249,3569.2,3450.5
1547417617046,3569.2,3450.4
1547417617342,3569.2,3450.5
1547417627054,3569.2,3450.4
1547417628043,3569.2,3450.5
1547417632063,3569.2,3450.4
1547417633039,3569.2,3450.5
1547417636661,3569.2,3450.4
1547417638051,3569.2,3450.5
1547417639033,3569.2,3450.4
1547417640084,3569.2,3450.5
1547417640332,3569.2,3450.6
1547417640583,3569.2,3450.7
1547417641093,3569.5,3450.7
1547417641293,3570.7,3451.2
1547417641372,3571.3,3451.4
1547417641622,3571.3,3451.5
1547417641976,3571.3,3451.4
1547417642277,3571.3,3451.3
1547417642369,3570.3,3451.3
1547417642857,3570.8,3451.3
1547417643011,3570.8,3451.2
1547417643512,3570.8,3450.9
1547417645044,3570.8,3450.8
1547417645295,3570.8,3450.9
1547417646630,3570.8,3451
1547417647705,3570.8,3451.2
1547417648053,3570.8,3451.3
1547417648795,3570.8,3451.2
1547417649069,3570.8,3451.3
1547417649873,3570.8,3451.7
1547417649924,3571.1,3451.7
1547417650976,3571.1,3451.8
1547417655403,3571.8,3452.5
1547417655561,3572.6,3452.7
1547417656629,3572.6,3452.8
1547417656869,3572.6,3452.9
1547417657421,3571.8,3452.9
1547417657626,3571.8,3452.7
1547417658121,3571.8,3452.8
1547417658565,3572.1,3452.8
1547417659187,3572.1,3452.9
1547417659635,3572.1,3453.1
1547417659834,3572.2,3453.1
1547417660135,3572.2,3453.2
1547417661062,3572.2,3453.3
1547417661319,3572.2,3453.4
1547417661635,3572.2,3453.5
1547417661885,3572.2,3453.7
1547417662252,3572.2,3453.6
1547417662738,3572.2,3453.5
1547417662888,3572.6,3453.5
1547417662988,3572.6,3453.8
1547417663954,3572.6,3454
1547417664466,3572.6,3453.9
1547417665038,3572.6,3454
1547417665288,3572.7,3454.1
1547417666114,3572.7,3454.2
1547417666216,3572.6,3454.2
1547417667035,3572.6,3454.1
1547417667214,3572.2,3454.1
1547417668297,3572.7,3454
1547417670052,3572.7,3454.2
1547417670514,3572.7,3453.9
1547417671046,3572.7,3454
1547417671576,3572.7,3453.6
1547417671626,3572,3453.6
1547417672693,3572,3453.8
1547417672743,3572.4,3453.8
1547417673761,3572.4,3453.4
1547417673811,3571.5,3453.4
1547417674923,3571.6,3453.4
1547417675157,3571.6,3453.3
1547417676748,3571.6,3453.2
1547417677000,3568.8,3453.1
1547417677252,3568.8,3452.9
1547417677505,3568.8,3452.8
1547417680066,3568.8,3452.7
1547417680314,3568.8,3452.3
1547417680364,3568.1,3452.3
1547417681043,3568.1,3452.4
1547417682036,3568.1,3452.3
1547417683062,3568.1,3451.9
1547417686061,3568.1,3451.7
1547417687512,3568.1,3451.8
1547417687883,3568.1,3451.9
1547417690033,3568.5,3452
1547417690084,3568.8,3452
1547417690283,3568.8,3452.1
1547417691139,3568.8,3451.6
1547417691189,3567.9,3451.6
1547417691389,3567.9,3451.5
1547417692011,3567.9,3451.6
1547417692385,3567.9,3451.5
1547417692635,3567.9,3451.6
1547417692885,3567.9,3451.5
1547417694406,3567.9,3451.7
1547417694457,3568.1,3451.7
1547417695293,3568.1,3451.6
1547417695544,3568.1,3451.7
1547417695798,3568.1,3451.6
1547417698049,3568.1,3451.5
1547417698341,3568.1,3451.6
1547417699573,3568.1,3451.5
1547417699820,3568.1,3451.6
1547417700213,3568.1,3451.5
1547417700714,3568.1,3451.6
1547417700963,3568.1,3451.7
1547417701014,3568.5,3451.7
1547417701214,3568.5,3451.8
1547417702050,3568.5,3451.7
1547417704038,3568.5,3451.6
1547417705064,3568.5,3451.7
1547417706486,3568.5,3451.8
1547417708067,3568.5,3451.9
1547417710086,3568.5,3452
1547417710475,3568.5,3451.9
1547417710721,3568.5,3452
1547417711492,3568.5,3451.9
1547417711746,3568.5,3452
1547417712055,3568.5,3451.9
1547417720758,3568.5,3452
1547417721007,3568.5,3451.9
1547417721257,3568.5,3452
1547417721927,3568.5,3451.9
1547417722178,3568.5,3452
1547417722973,3568.5,3451.9
1547417724075,3568.5,3452
1547417724947,3568.5,3451.9
1547417725197,3568.5,3451.5
1547417725247,3567.9,3451.5
1547417730725,3567.9,3451.8
1547417730775,3568.4,3451.8
1547417730975,3568.4,3451.9
1547417731395,3568.4,3451.8
1547417731645,3568.4,3451.9
1547417731896,3568.4,3451.8
1547417732146,3568.4,3451.9
1547417734772,3568.4,3451.8
1547417737384,3568.4,3451.7
1547417739198,3568.4,3451.8
1547417739608,3568.4,3451.5
1547417739659,3567.9,3451.5
1547417740126,3567.9,3451.6
1547417740715,3567.9,3451.7
1547417740765,3568.1,3451.7
1547417740962,3568.1,3451.8
1547417741213,3568.1,3451.7
1547417741816,3567.9,3451.7
1547417744044,3567.9,3451.6
1547417746248,3567.9,3451.8
1547417747057,3567.9,3451.7
1547417749065,3567.9,3451.6
1547417749532,3567.9,3451.3
1547417751041,3567.9,3451.2
1547417751776,3567.9,3451.5
1547417753049,3567.9,3451.6
1547417757034,3567.9,3451.7
1547417758059,3567.9,3451.6
1547417758310,3567.9,3451.2
1547417758581,3567.9,3451.1
1547417759057,3567.9,3451
1547417759379,3567.9,3450.7
1547417759733,3567.9,3450.6
1547417760028,3567.9,3450.5
1547417761053,3567.9,3450.6
1547417761566,3567.9,3450.2
1547417761616,3567.5,3450.2
1547417763034,3567.5,3450.1
1547417763928,3567.3,3450.1
1547417765070,3567.3,3450.2
1547417765322,3567.3,3450.1
1547417768912,3567.4,3450.1
1547417770382,3567.4,3450.2
1547417770457,3567.7,3450.2
1547417781216,3567.4,3450.2
1547417782293,3567.4,3450
1547417783377,3567.4,3449.9
1547417783628,3567.4,3449.7
1547417783877,3567.4,3449.6
1547417784710,3567.4,3449.7
1547417785064,3567.4,3449.6
1547417785636,3567.4,3449.5
1547417785886,3567.4,3449.6
1547417786666,3567.4,3449.5
1547417786910,3567.4,3449.6
1547417787714,3567.4,3449.5
1547417787965,3567.4,3449.6
1547417788685,3567.4,3449.5
1547417788934,3567.4,3449.6
1547417789703,3567.4,3449.5
1547417789953,3567.4,3449.6
1547417790717,3567.4,3449.5
1547417790967,3567.4,3449.6
1547417791763,3567.4,3449.5
1547417791983,3567.4,3449.6
1547417792753,3567.4,3449.5
1547417793003,3567.4,3449.6
1547417793754,3567.4,3449.5
1547417794004,3567.4,3449.6
1547417794258,3567.4,3449.4
1547417794527,3567.4,3449.5
1547417795034,3567.4,3449.4
1547417795364,3567.4,3449
1547417796443,3567.4,3448.8
1547417797792,3567.4,3448.9
1547417798288,3567.4,3448.8
1547417798538,3567.4,3448.9
1547417798788,3567.4,3448.8
1547417799037,3567.4,3448.9
1547417799653,3567.4,3448.8
1547417799905,3567.4,3448.9
1547417800707,3567.4,3448.8
1547417800956,3567.4,3448.9
1547417801674,3567.4,3448.8
1547417801924,3567.4,3448.9
1547417802174,3567.4,3449
1547417802679,3567.4,3448.9
1547417802993,3567.4,3448.8
1547417803246,3567.4,3448.9
1547417805037,3567.4,3448.8
1547417808395,3567.4,3448.9
1547417808645,3567.4,3448.8
1547417809560,3567.4,3448.9
1547417809811,3567.5,3448.8
1547417810697,3566.6,3448.8
1547417811317,3567,3448.8
1547417811439,3567,3448.7
1547417811553,3567.4,3448.7
1547417811689,3567.4,3448.8
1547417811865,3567.3,3448.8
1547417812054,3567.3,3448.7
1547417813397,3567.3,3448.8
1547417814057,3567.3,3448.9
1547417815912,3567.4,3448.9
1547417816227,3567.4,3449
1547417816477,3567.4,3449.1
1547417816655,3567.9,3449.1
1547417816855,3567.8,3449.2
1547417816977,3567.8,3449.1
1547417817455,3567.7,3449.1
1547417817654,3567.7,3449
1547417817855,3567.6,3449
1547417818054,3567.7,3449.1
1547417819315,3567.7,3449.6
1547417819583,3568,3449.6
1547417819735,3568.3,3449.6
1547417820085,3568.3,3449.5
1547417820292,3569.2,3449.5
1547417820492,3569.1,3449.5
1547417820586,3569.1,3449.2
1547417820691,3568.9,3449.2
1547417820891,3568.7,3449.2
1547417821277,3569.1,3449.2
1547417821480,3569.1,3449.5
1547417821705,3569.2,3449.5
1547417821851,3569.2,3449.6
1547417822101,3569.2,3449.7
1547417822280,3569.1,3449.7
1547417822478,3569.2,3449.7
1547417822601,3569,3449.2
1547417822678,3568.5,3449
1547417823228,3568.5,3449.1
1547417824486,3568.5,3449
1547417824679,3568.4,3449
1547417824879,3568.9,3449.5
1547417825043,3568.9,3449.4
1547417825814,3568.9,3449.3
1547417827150,3568.9,3449.2
1547417828036,3568.9,3449.3
1547417828410,3568.9,3449.2
1547417828660,3568.9,3449.3
1547417828910,3568.9,3449.2
1547417829160,3568.9,3449.3
1547417830149,3568.9,3449.4
1547417830829,3568.9,3449.5
1547417831078,3568.9,3449.4
1547417833263,3568.9,3449.6
1547417833513,3568.9,3449.4
1547417836855,3568.9,3449.5
1547417842060,3568.9,3449.6
1547417851083,3568.9,3449.5
1547417851337,3568.9,3449.6
1547417855047,3568.9,3449.7
1547417857666,3569.1,3449.7
1547417858866,3569.2,3449.7
1547417859066,3569.2,3449.8
1547417859275,3569.2,3449.9
1547417859466,3569.2,3449.8
1547417863089,3569.2,3449.6
1547417864057,3569.2,3449.7
1547417864307,3569.2,3449.6
1547417868071,3569.2,3449.7
1547417871066,3569.2,3449.6
1547417871287,3569,3449.6
1547417874481,3569,3449.4
1547417874730,3569,3449.5
1547417874981,3569,3449.7
1547417875231,3569,3449.6
1547417877290,3569,3449.3
1547417882645,3569.1,3449.3
1547417884106,3569.1,3449.5
1547417884356,3569.1,3449.3
1547417884683,3569.1,3449.6
1547417885751,3569.1,3449.2
1547417900356,3569,3449.2
1547417900556,3569.1,3449.2
1547417906257,3569.1,3449.6
1547417908011,3569,3449.6
1547417909039,3569.1,3449.6
1547417917024,3569.1,3449.5
1547417923504,3569.1,3449.1
1547417925150,3569.2,3449.2
1547417925730,3569.1,3449.1
1547417926854,3569.2,3449.2
1547417929026,3569.1,3449.1
1547417931047,3569.2,3449.2
1547417931428,3569.1,3449.1
1547417932051,3569.1,3449.2
1547417934054,3569.1,3449.1
1547417936032,3569.1,3449.2
1547417938469,3569.2,3449.2
1547417940068,3569.1,3449.1
1547417944825,3569,3449.1
1547417945755,3569.1,3449.1
1547417951040,3569.1,3449.2
1547417953908,3569.2,3449.2
1547417968807,3569.1,3449.2
1547417976238,3569.1,3449.5
1547417976488,3569.1,3449.3
1547417978412,3569,3449.3
1547417979404,3569,3449.5
1547417979963,3569,3449.4
1547417981524,3569.1,3449.4
1547417985048,3569.1,3449.3
1547417987931,3569,3449.3
1547417993248,3568.9,3449.3
1547417993647,3569,3449.3
1547417996113,3569.1,3449.3
1547417996314,3569,3449.6
1547417998564,3569.1,3449.6
1547417999650,3569,3449.6
1547418000345,3569.1,3449.6
1547418001661,3569,3449.6
1547418002394,3569.2,3449.6
1547418002836,3569.2,3449.5
1547418003085,3569.2,3449.4
1547418003913,3569.2,3449.5
1547418004133,3569.5,3449.5
1547418004333,3569.4,3449.5
1547418004667,3569.5,3449.5
1547418006132,3569.5,3449.6
1547418008035,3569.5,3449.7
1547418008830,3569.5,3449.8
1547418010080,3569.6,3449.8
1547418010307,3569.5,3449.8
1547418010622,3569.6,3449.8
1547418010872,3569.5,3449.9
1547418010949,3569.5,3449.7
1547418011894,3569.5,3449.6
1547418012493,3569.5,3449.8
1547418012693,3569.5,3449.7
1547418012894,3569.5,3449.8
1547418013694,3569.5,3449.7
1547418013893,3569.5,3449.8
1547418014049,3569.4,3449.8
1547418016316,3569.4,3449.6
1547418016495,3569.4,3449.7
1547418016945,3569.3,3449.7
1547418017095,3569.3,3449.5
1547418018021,3569.4,3449.5
1547418019026,3569.3,3449.5
1547418019277,3569.4,3449.5
1547418019532,3569.3,3449.5
1547418021558,3569.2,3449.5
1547418021808,3569.3,3449.5
1547418022057,3569.2,3449.5
1547418024077,3569.3,3449.5
1547418027062,3569.2,3449.5
1547418028734,3569.3,3449.5
1547418028938,3569.2,3449.5
1547418029507,3569.1,3449.5
1547418030008,3569.2,3449.5
1547418031097,3569.5,3449.5
1547418031347,3569.4,3449.5
1547418032068,3569.3,3449.5
1547418033540,3569.2,3449.5
1547418033791,3569.3,3449.5
1547418034224,3569.2,3449.5
1547418035799,3569.2,3449.7
1547418037022,3569.3,3449.7
1547418039022,3569.4,3449.7
1547418039272,3569.3,3449.7
1547418048044,3569.2,3449.7
1547418056745,3569.2,3449.8
1547418061055,3569.3,3449.8
1547418062053,3569.2,3449.8
1547418062511,3568.7,3449.8
1547418062562,3568.7,3449.6
1547418070144,3568.8,3449.6
1547418072342,3569.1,3449.6
1547418072392,3569.1,3449.8
1547418077068,3569.2,3449.8
1547418082050,3569.3,3449.8
1547418090802,3568.9,3449.8
1547418090852,3568.9,3449.5
1547418092929,3569.3,3449.5
1547418092979,3569.3,3449.8
1547418094037,3569.2,3449.8
1547418096275,3569.3,3449.8
1547418096933,3569.2,3449.8
1547418105034,3569.1,3449.8
1547418105989,3569.1,3449.6
1547418113545,3569,3449.6
1547418118910,3568.9,3449.6
1547418119160,3568.8,3449.6
1547418125068,3568.7,3449.6
1547418129082,3568.8,3449.6
1547418130028,3568.7,3449.6
1547418141957,3568.6,3449.6
1547418142205,3568.5,3449.6
1547418145025,3568.4,3449.6
1547418150042,3568.5,3449.6
1547418150733,3568.4,3449.6
1547418150789,3568.4,3449.3
1547418152408,3568.5,3449.3
1547418152669,3568.4,3449.3
1547418156046,3568.3,3449.3
1547418165041,3568.2,3449.3
1547418166027,3568.3,3449.3
1547418169277,3568,3449.3
1547418179019,3567.9,3449.3
1547418179069,3567.9,3449.1
1547418180102,3568,3449.1
1547418180352,3568.2,3449.1
1547418183327,3568.1,3449.1
1547418183579,3568.3,3449.1
1547418184031,3568.2,3449.1
1547418189070,3568.3,3449.1
1547418199710,3568.2,3449.1
1547418201062,3568.3,3449
1547418214816,3568.6,3449
1547418215066,3568.4,3449
1547418216045,3568.5,3449
1547418216215,3568.5,3449.4
1547418216415,3568.6,3449.4
1547418216615,3568.6,3449.5
1547418217023,3568.6,3449.3
1547418218398,3568.6,3449.4
1547418218567,3568.6,3449.3
1547418219073,3568.6,3449.4
1547418219602,3568.5,3449.4
1547418220673,3568.5,3449
1547418221072,3568.5,3449.1
1547418222036,3568.4,3449.1
1547418222988,3568.5,3449.1
1547418223730,3568.8,3449.1
1547418223781,3568.8,3449.9
1547418224060,3569,3449.9
1547418225876,3568.8,3449.9
1547418233040,3568.9,3449.9
1547418236146,3568.8,3449.9
1547418238064,3568.9,3449.9
1547418239049,3568.8,3449.9
1547418239592,3568.9,3449.9
1547418239889,3568.9,3449.8
1547418240056,3569,3449.8
1547418240306,3569.3,3449.8
1547418240556,3569.1,3449.8
1547418240889,3569.1,3449.9
1547418241003,3569,3449.9
1547418241177,3569,3449.5
1547418241611,3569.3,3449.5
1547418241860,3569.4,3449.5
1547418242305,3569.5,3449.5
1547418246061,3569.6,3449.6
1547418248843,3569.6,3449.8
1547418249955,3569.8,3449.8
1547418253071,3569.7,3449.8
1547418253882,3569.8,3449.8
1547418254132,3569.7,3449.8
1547418255510,3569.9,3450.2
1547418255760,3569.9,3450.3
1547418256616,3570.3,3450.7
1547418257812,3570.4,3450.7
1547418260050,3570.5,3450.7
1547418264015,3570.6,3450.7
1547418264265,3570.7,3450.7
1547418264735,3570.7,3450.8
1547418266053,3570.8,3450.8
1547418274996,3570.6,3450.8
1547418278063,3570.7,3450.8
1547418280745,3570.6,3450.8
1547418281058,3570.7,3450.8
1547418281308,3570.6,3450.8
1547418282069,3570.7,3450.8
1547418291026,3570.8,3450.8
1547418296040,3570.7,3450.8
1547418298061,3570.8,3450.8
1547418300060,3570.7,3450.8
1547418301449,3570.8,3450.8
1547418302216,3570.9,3451
1547418303551,3570.9,3450.9
1547418306039,3570.9,3451
1547418307044,3570.9,3450.9
1547418309051,3570.9,3451
1547418311157,3570.9,3451.1
1547418311719,3570.9,3451
1547418312481,3570.9,3451.1
1547418312814,3570.9,3451
1547418326772,3570.9,3451.1
1547418327076,3570.9,3451
1547418336392,3570.9,3451.1
1547418336932,3570.9,3451
1547418337182,3570.9,3451.2
1547418341336,3570.7,3451.2
1547418345042,3570.7,3451.3
1547418352055,3570.7,3451.2
1547418353683,3571.2,3451.4
1547418358596,3571.4,3451.7
1547418358646,3571.7,3451.7
1547418359038,3571.7,3451.8
1547418360251,3571.6,3451.7
1547418362945,3571.6,3451.6
1547418365065,3571.7,3451.7
1547418367073,3571.6,3451.6
1547418367222,3571.6,3451.7
1547418377664,3571.6,3451.6
1547418378053,3571.5,3451.6
1547418378906,3571.5,3451.5
1547418379030,3571.6,3451.6
1547418379504,3571.5,3451.5
1547418380254,3571.5,3451.6
1547418381039,3571.5,3451.5
1547418381587,3571.5,3451.6
1547418382007,3571.6,3451.6
1547418382306,3571.7,3451.7
1547418383058,3571.7,3451.8
1547418385848,3571.6,3451.6
1547418387054,3571.7,3451.7
1547418387368,3571.6,3451.6
1547418387655,3571.6,3451.8
1547418387806,3571.7,3451.8
1547418388005,3571.6,3451.8
1547418389125,3571.6,3451.7
1547418390814,3571.7,3451.7
1547418392687,3571.6,3451.7
1547418395408,3571.7,3451.7
1547418395679,3571.7,3451.8
1547418396058,3571.7,3451.9
1547418397409,3571.6,3451.9
1547418398183,3571.6,3451.8
1547418399869,3571.8,3451.8
1547418401698,3571.9,3451.9
1547418402063,3571.9,3452
1547418404885,3572,3452
1547418405296,3571.9,3452
1547418406937,3572,3452
1547418407062,3572,3452.1
1547418408042,3572,3452
1547418409891,3571.9,3451.9
1547418410142,3571.8,3451.9
1547418410434,3571.9,3451.9
1547418411978,3571.8,3451.9
1547418412259,3571.9,3451.9
1547418414628,3571.8,3451.9
1547418414876,3571.9,3451.9
1547418416316,3571.8,3451.9
1547418416901,3571.9,3451.9
1547418417331,3571.8,3451.9
1547418417581,3571.9,3451.9
1547418424998,3572,3452
1547418425248,3572,3452.2
1547418432037,3572,3452.3
1547418432614,3572,3452.1
1547418432665,3572.1,3452.3
1547418436839,3572,3452.3
1547418438173,3572,3452.4
1547418438623,3572.1,3452.4
1547418438828,3572,3452.4
1547418439097,3572.1,3452.4
1547418439785,3572,3452.4
1547418440035,3572.1,3452.4
1547418442039,3572,3452.4
1547418444068,3572.1,3452.4
1547418446036,3572,3452.4
1547418446710,3572.2,3452.4
1547418447024,3572.3,3452.4
1547418448848,3572.5,3452.5
1547418452050,3572.4,3452.4
1547418454755,3572.3,3452.4
1547418455004,3572.4,3452.4
1547418455596,3572.3,3452.4
1547418458037,3572.4,3452.4
1547418468016,3572.3,3452.4
1547418468266,3572.4,3452.4
1547418477291,3572.3,3452.4
1547418478202,3572.4,3452.4
1547418479300,3572.3,3452.4
1547418480047,3572.4,3452.4
1547418480858,3572.4,3452.8
1547418481976,3572.3,3452.8
1547418482390,3572.4,3452.8
1547418482640,3572.3,3452.8
1547418483158,3572.4,3452.8
1547418487434,3572.4,3452.7
1547418487895,3572.4,3452.6
1547418488096,3572.4,3452.7
1547418491308,3572.3,3452.7
1547418495040,3572.4,3452.7
1547418496052,3572.3,3452.7
1547418496766,3572.4,3452.7
1547418497813,3572.3,3452.7
1547418498063,3572.4,3452.7
1547418502195,3572.5,3452.7
1547418503039,3572.6,3452.7
1547418504059,3572.7,3452.7
1547418504265,3572.7,3452.8
1547418505085,3572.9,3452.9
1547418508344,3572.9,3453.1
1547418508594,3572.9,3453.2
1547418509035,3572.9,3453.3
1547418509285,3572.9,3453.4
1547418511044,3572.9,3453.6
1547418513037,3572.9,3453.5
1547418515052,3572.9,3453.6
1547418517024,3572.9,3453.7
1547418518065,3572.9,3453.6
1547418519063,3572.9,3453.7
1547418520041,3572.9,3453.6
1547418525676,3572.8,3453.6
1547418525875,3572.7,3453.6
1547418527434,3572.9,3453.6
1547418527634,3572.8,3453.6
1547418529525,3572.7,3453.6
1547418534839,3572.7,3453.3
1547418535124,3572.8,3453.3
1547418536994,3572.9,3453.3
1547418537193,3572.8,3453.3
1547418538087,3572.8,3453.2
1547418538299,3572.9,3453.2
1547418538563,3572.8,3453.2
1547418539177,3572.8,3453.3
1547418540869,3572.9,3453.3
1547418541339,3572.9,3453.2
1547418541972,3572.9,3453.1
1547418542384,3572.9,3453.2
1547418542637,3572.9,3453.3
1547418543049,3572.9,3453.2
1547418545484,3572.8,3453.2
1547418546046,3572.8,3453.1
1547418546746,3572.8,3453
1547418547097,3572.9,3453
1547418547240,3572.8,3453
1547418547441,3572.7,3453
1547418548064,3572.7,3453.2
1547418549887,3572.8,3453.2
1547418550021,3572.8,3453.1
1547418550474,3572.9,3453.1
1547418551062,3572.9,3452.9
1547418551243,3572.8,3452.9
1547418551443,3572.7,3452.9
1547418555458,3572.7,3452.7
1547418556558,3572.7,3452.9
1547418559063,3572.7,3452.8
1547418559822,3572.7,3453.1
1547418560951,3572.7,3452.9
1547418561524,3572.6,3452.9
1547418561724,3572.6,3452.8
1547418561795,3572.6,3453.2
1547418562045,3572.6,3452.9
1547418564210,3572.6,3453.1
1547418564754,3572.7,3453.1
1547418564953,3573.1,3453.3
1547418566445,3573,3453.3
1547418566695,3573.1,3453.3
1547418568043,3573.2,3453.3
1547418568947,3572.8,3453.2
1547418569968,3572.9,3453.2
1547418570167,3573.2,3453.3
1547418570756,3573.4,3453.4
1547418571062,3573.4,3453.9
1547418571312,3573.4,3453.8
1547418571827,3573.4,3453.7
1547418572925,3573.4,3453.6
1547418573997,3573.4,3453.7
1547418574639,3573.5,3453.7
1547418575311,3573.4,3453.4
1547418575561,3573.2,3453.4
1547418575915,3573.2,3453.2
1547418576200,3573.3,3453.4
1547418576451,3573.3,3453.5
1547418576514,3573.5,3453.5
1547418576701,3573.5,3453.6
1547418577451,3573.5,3453.5
1547418580077,3573.4,3453.4
1547418581054,3573.5,3453.5
1547418581608,3572.5,3453.4
1547418581658,3572,3452.5
1547418582050,3572,3452.6
1547418582692,3572,3453.3
1547418583048,3572,3453.2
1547418583301,3572,3453
1547418583792,3573,3453.3
1547418584049,3573.2,3453.3
1547418584249,3573.2,3453.2
1547418584850,3573.2,3453.6
1547418585414,3573.2,3453.8
1547418585663,3573.2,3453.4
1547418585940,3573.2,3453.3
1547418586864,3573.3,3453.3
1547418587019,3573.3,3453.4
1547418589185,3573.1,3453.2
1547418596034,3573,3453.2
1547418599123,3572.8,3453.2
1547418600319,3572.9,3453.2
1547418600569,3572.8,3453.2
1547418601061,3572.7,3453.2
1547418601312,3573.3,3453.6
1547418601362,3573.1,3453.6
1547418601561,3573.1,3453.4
1547418601821,3573.1,3453.5
1547418602573,3573.1,3453.2
1547418603073,3573.1,3453.3
1547418603592,3573.1,3453.1
1547418604072,3572.9,3453
1547418604323,3573,3453
1547418604603,3573.1,3453.2
1547418604957,3573,3453
1547418605201,3573.1,3453.5
1547418605448,3573.1,3453.3
1547418605697,3573.1,3453.4
1547418605953,3573.1,3453.5
1547418606198,3573.1,3453.4
1547418606968,3573.1,3453.6
1547418607473,3573.1,3453.4
1547418607728,3573.1,3453.6
1547418607969,3573.1,3453.8
1547418608718,3573.1,3453.9
1547418608968,3573.1,3453.8
1547418609719,3573.1,3453.6
1547418609968,3573.1,3453.8
1547418610218,3573.1,3454
1547418611040,3573.1,3453.8
1547418611291,3573.1,3454
1547418611726,3573.1,3453.7
1547418611976,3573.1,3454
1547418612476,3573.1,3453.7
1547418613400,3573.1,3454
1547418613741,3573.1,3454.2
1547418614393,3573.1,3454.3
1547418615650,3573.1,3454.1
1547418616020,3573.1,3453.8
1547418616270,3573.1,3454.1
1547418616553,3573.1,3454.2
1547418617893,3573.1,3453.9
1547418618143,3573.1,3454.2
1547418618749,3573.1,3454.1
1547418619089,3573.1,3454.2
1547418619626,3573.3,3454.2
1547418619819,3573.3,3454.1
1547418620225,3573.5,3454.1
1547418620917,3573.5,3454.2
1547418622086,3573.4,3454.2
1547418622176,3573.4,3453.8
1547418622884,3573.2,3453.8
1547418623072,3573.2,3454.1
1547418623845,3573.4,3454.1
1547418625060,3573.4,3454.2
1547418625310,3573.4,3454.3
1547418626347,3573.4,3453.9
1547418627050,3573.4,3453.8
1547418627471,3573.4,3454
1547418629133,3573.5,3454
1547418630014,3573.4,3454
1547418631072,3573.4,3453.9
1547418631832,3573.4,3454.1
1547418632919,3573.4,3454
1547418635496,3573.5,3454
1547418636070,3573.5,3454.1
1547418638386,3573.5,3454.2
1547418639122,3573.4,3454.2
1547418641713,3573.4,3453.9
1547418642718,3573.4,3454
1547418643879,3573.4,3453.9
1547418644795,3573.4,3454
1547418645045,3573.4,3454.1
1547418646222,3573.4,3454
1547418647125,3573.4,3454.2
1547418648305,3573.4,3454.1
1547418649045,3573.4,3454
1547418649319,3573.4,3454.1
1547418652795,3573.3,3454.1
1547418653045,3573.3,3454
1547418653658,3573.3,3454.1
1547418654077,3573.3,3454.2
1547418655273,3573.3,3454.1
1547418656287,3573.2,3454.1
1547418656686,3573.3,3454.1
1547418656961,3573.3,3454.2
1547418657930,3573.2,3454.2
1547418658686,3573.2,3454.1
1547418659063,3573.2,3454.2
1547418659227,3573.4,3454.2
1547418659427,3573.4,3454.1
1547418660036,3573.3,3454.1
1547418660921,3573.3,3454.2
1547418661173,3573.2,3454.2
1547418661410,3573.2,3454
1547418661912,3573.2,3454.1
1547418662162,3573.2,3454
1547418662412,3573.2,3453.8
1547418662536,3572.7,3453.8
1547418663625,3572.7,3453.9
1547418664362,3572.8,3453.9
1547418665082,3572.8,3453.8
1547418665705,3572.8,3453.4
1547418666424,3572.9,3453.4
1547418666784,3572.9,3453.5
1547418667057,3572.9,3453.4
1547418667854,3572.9,3453.5
1547418669315,3572.1,3453.5
1547418670082,3572.1,3453.6
1547418671188,3572.2,3453.6
1547418671386,3572.1,3453.6
1547418672075,3572.1,3453.5
1547418672325,3572.1,3453.4
1547418674363,3572.1,3453.5
1547418674611,3572.1,3453.4
1547418675447,3572.1,3453.5
1547418677873,3572.1,3453.4
1547418678172,3572.1,3453.5
1547418679190,3572.1,3453.4
1547418679814,3572.1,3453.5
1547418680531,3572.1,3453.4
1547418680889,3572.1,3453.2
1547418681795,3571.4,3453.2
1547418681942,3571.4,3453.4
1547418682189,3571.5,3453.5
1547418683541,3571.5,3453.2
1547418683791,3571.5,3453.4
1547418683841,3572.1,3453.4
1547418684053,3572.1,3453.5
1547418684303,3572.1,3453.4
1547418685048,3572.1,3453.5
1547418685324,3571.5,3453.5
1547418686216,3571.6,3453.5
1547418687215,3571.6,3453.6
1547418688074,3571.6,3453.5
1547418690673,3571.6,3453.4
1547418690804,3572.1,3453.4
1547418691403,3572.2,3453.4
1547418692165,3572,3453.4
1547418692990,3571.5,3453.4
1547418693191,3571.4,3453.4
1547418693959,3571.4,3453.5
1547418695052,3571.4,3453.4
1547418697313,3571.4,3453.5
1547418701573,3571.4,3453.6
1547418702064,3571.4,3453.5
1547418703040,3571.4,3453.6
1547418703734,3571.4,3453.5
1547418704329,3571.4,3453.6
1547418704579,3571.4,3453.5
1547418704684,3571.5,3453.5
1547418704884,3572.3,3453.5
1547418705330,3572.3,3453.6
1547418706657,3572.1,3453.6
1547418708045,3572.1,3453.5
1547418708421,3572.5,3453.5
1547418709295,3572.5,3453.6
1547418709813,3572.6,3453.6
1547418710251,3572.6,3453.4
1547418710408,3572.5,3453.4
1547418711361,3572.6,3453.4
1547418712076,3572.6,3453.5
1547418714657,3572.6,3453.4
1547418717476,3572.7,3453.4
1547418718942,3572.7,3452.8
1547418719019,3572.5,3452.8
1547418722773,3572.6,3452.8
1547418729999,3572.7,3452.8
1547418732001,3572.7,3453.4
1547418733097,3572.8,3453
1547418733543,3572.8,3453.1
1547418733676,3572.9,3453.1
1547418734192,3572.9,3453.4
1547418734441,3572.9,3453.5
1547418734635,3573.2,3453.5
1547418734835,3573.5,3453.5
1547418735035,3573.5,3453.6
1547418735237,3573.3,3453.5
1547418735484,3573.3,3453.8
1547418735635,3573.4,3453.8
1547418736235,3573.7,3453.8
1547418736552,3573.5,3453.6
1547418736802,3573.4,3453.8
1547418737035,3573.4,3453.7
1547418737552,3573.5,3453.7
1547418738524,3573.8,3453.8
1547418739034,3573.8,3453.9
1547418739325,3573.9,3453.9
1547418739649,3573.5,3453.8
1547418740001,3573.3,3453.8
1547418740251,3573.4,3453.8
1547418740776,3573.3,3453.8
1547418741799,3573.4,3453.8
1547418743147,3573.3,3453.8
1547418744041,3573.4,3453.8
1547418745044,3573.3,3453.8
1547418747712,3573.5,3453.8
1547418748134,3573.4,3453.8
1547418749479,3573.2,3453.8
1547418749848,3573.1,3453.8
1547418750098,3573.2,3453.8
1547418750563,3572.9,3453.8
1547418750613,3572.9,3453.4
1547418750812,3573,3453.4
1547418751480,3572.9,3453.4
1547418751730,3573,3453.4
1547418752986,3573.1,3453.4
1547418753216,3573,3453.4
1547418753769,3572.9,3453.4
1547418754835,3573,3453.4
1547418755714,3572.9,3453.4
1547418756043,3573,3453.4
1547418758064,3572.9,3453.4
1547418758167,3572.9,3453.8
1547418758314,3573.5,3453.8
1547418758563,3573.3,3453.8
1547418758784,3573.3,3453.3
1547418758965,3573.3,3453.5
1547418759215,3572,3453.3
1547418759465,3572,3452.9
1547418760310,3572,3452.6
1547418760723,3572,3452.7
1547418760973,3572,3452.8
1547418761400,3572,3453.3
1547418762034,3571.2,3453.2
1547418762513,3571.2,3452.8
1547418763562,3572,3452.7
1547418764650,3572,3453.3
1547418765720,3572,3452.8
1547418766810,3572,3452.9
1547418767918,3572,3453.2
1547418768996,3572,3453
1547418770086,3572,3453.3
1547418771196,3572,3453.5
1547418772366,3572.5,3453.5
1547418772567,3573.2,3453.4
1547418772696,3573.2,3453.8
1547418773195,3573.2,3453.9
1547418774103,3573.5,3453.9
1547418774302,3573.6,3453.9
1547418774687,3573.6,3454
1547418774903,3573.7,3454
1547418775702,3573.8,3454
1547418776709,3573.9,3454
1547418776903,3574,3454
1547418777876,3573.8,3454
1547418778102,3573.8,3454.1
1547418778153,3574,3454.1
1547418778368,3574.2,3454.2
1547418778618,3574.1,3454.1
1547418779103,3574.1,3454.2
1547418779302,3574,3454.2
1547418779856,3573.9,3454.2
1547418780362,3573.8,3454.1
1547418780611,3573.8,3454
1547418780862,3573.8,3453.9
1547418781112,3573.8,3454.1
1547418781226,3573.7,3454.1
1547418781388,3573.7,3453.9
1547418782203,3573.6,3454
1547418782272,3573.2,3454
1547418782453,3573.2,3454.1
1547418783193,3573.3,3454.1
1547418784042,3573.3,3454.2
1547418784291,3573.3,3454.1
1547418784541,3573.3,3453.7
1547418785132,3573.3,3453.6
1547418785317,3573.2,3453.5
1547418785566,3573.2,3453.9
1547418785909,3573.2,3453.6
1547418786408,3573.2,3453.7
1547418786659,3573.2,3454
1547418786909,3573.2,3453.7
1547418787159,3573.2,3453.6
1547418787659,3573.2,3453.9
1547418787909,3573.2,3454.2
1547418789305,3573.2,3453.9
1547418789914,3573.2,3454.2
1547418790165,3573.2,3453.9
1547418790375,3573.3,3453.9
1547418790574,3573.3,3453.7
1547418790774,3573.3,3453.8
1547418790915,3573.3,3453.7
1547418791165,3573.3,3454.2
1547418791425,3573.3,3453.8
1547418791972,3573.3,3454.2
1547418792174,3573.4,3454.2
1547418792375,3573.5,3454.2
1547418792473,3573.5,3454
1547418792723,3573.5,3453.9
1547418792973,3573.4,3453.5
1547418793222,3573.4,3453.6
1547418793473,3573.4,3453.5
1547418793634,3573.5,3453.5
1547418793974,3573.3,3453.5
1547418794224,3573.3,3453.4
1547418794890,3573.3,3453.3
1547418795135,3573.3,3454.2
1547418795696,3573.6,3454.2
1547418796145,3573.6,3453.8
1547418796295,3573.7,3453.8
1547418796695,3573.2,3453.8
1547418796898,3572.2,3453.8
1547418797186,3572.2,3454.2
1547418797768,3572.2,3453.8
1547418798268,3572.2,3454.4
1547418798518,3572.2,3454
1547418798713,3572.1,3454
1547418800226,3572.1,3454.1
1547418800857,3572.1,3453.6
1547418801107,3572.1,3454.1
1547418801359,3572.1,3453.6
1547418801619,3572.1,3454.1
1547418801869,3572.1,3453.6
1547418802120,3572.1,3453.7
1547418802348,3572.3,3453.7
1547418802399,3572.3,3454.1
1547418802548,3573.2,3454.1
1547418803130,3573.2,3453.6
1547418803349,3572.3,3453.6
1547418803683,3572.3,3453.7
1547418803787,3573.2,3453.7
1547418804241,3573.2,3454
1547418804491,3573.2,3453.6
1547418804741,3573.1,3453.5
1547418805046,3573.2,3453.8
1547418805386,3573.1,3453.8
1547418805857,3573.1,3453.9
1547418805986,3573,3453.9
1547418806103,3573,3454.3
1547418806353,3573,3453.9
1547418806605,3573,3454.3
1547418806853,3573,3453.9
1547418807103,3573,3454
1547418807354,3573,3453.6
1547418807634,3572.9,3454
1547418807883,3572.9,3453.6
1547418808134,3572.9,3453.7
1547418808843,3572.9,3454.1
1547418809097,3572.9,3453.7
1547418809458,3572.9,3454.1
1547418809708,3572.9,3453.7
1547418810038,3572.9,3454.1
1547418810287,3572.9,3453.6
1547418810585,3572.8,3453.6
1547418810783,3572.7,3453.6
1547418810977,3572.7,3453.5
1547418811178,3572.7,3453.6
1547418811286,3572.7,3454
1547418811541,3572.7,3453.6
1547418812036,3572.7,3454
1547418812286,3572.7,3453.6
1547418813037,3572.7,3453.5
1547418815062,3572.7,3453.6
1547418815467,3572.6,3453.6
1547418815749,3572.6,3453.4
1547418815999,3572.6,3454
1547418816249,3572.6,3453.9
1547418816761,3572.6,3453.5
1547418817012,3572.6,3453.6
1547418817262,3572.6,3453.7
1547418817667,3572.9,3453.7
1547418818012,3572.9,3453.5
1547418819805,3572.1,3453.5
1547418820976,3572.2,3453.5
1547418821175,3573.1,3453.6
1547418821282,3573.1,3453.5
1547418821574,3573,3453.5
1547418821997,3572.2,3453.5
1547418822851,3572.2,3453.4
1547418823392,3572.2,3453.3
1547418823579,3573,3453.3
1547418823643,3573,3453.6
1547418823891,3573,3453.2
1547418824143,3573,3453.3
1547418824392,3573,3453.2
1547418824641,3573,3453.7
1547418824891,3573,3454.1
1547418825142,3573,3454
1547418825643,3573,3453.6
1547418825891,3573,3453.3
1547418826142,3573,3453.6
1547418826392,3573,3453.3
1547418826678,3573,3453.6
1547418826892,3573,3453.3
1547418827171,3573,3453.6
1547418827421,3573,3453.3
1547418827773,3573,3453.6
1547418828022,3573,3453.5
1547418828372,3572.9,3453.5
1547418828876,3572.9,3453.4
1547418829462,3572.6,3453.3
1547418829967,3572.6,3453.9
1547418830017,3572.9,3453.9
1547418830174,3573,3453.9
1547418830374,3572.9,3454
1547418831039,3572.9,3453.7
1547418832051,3572.9,3453.8
1547418832301,3572.9,3453.9
1547418832762,3573,3453.9
1547418832961,3572.9,3453.9
1547418833162,3573,3453.9
1547418833362,3572.9,3453.9
1547418833961,3573,3453.9
1547418834162,3572.9,3453.9
1547418835162,3572.4,3453.9
1547418837307,3572.5,3453.9
1547418837903,3572.4,3453.9
1547418838064,3572.4,3453.8
1547418844063,3572.4,3453.7
1547418845151,3572.4,3453.8
1547418846708,3572.6,3453.8
1547418847039,3572.6,3453.7
1547418847295,3572.6,3454.1
1547418848349,3572.6,3453.8
1547418849425,3572.5,3453.8
1547418849477,3572.5,3454.1
1547418850601,3572.5,3453.8
1547418851042,3572.5,3453.7
1547418853809,3572.5,3454
1547418854063,3572.5,3454.1
1547418857042,3572.5,3454
1547418857290,3572.5,3453.8
1547418858042,3572.5,3453.7
1547418858293,3572.5,3453.8
1547418860346,3572.5,3454
1547418861409,3572.5,3453.8
1547418862472,3572.5,3453.7
1547418864072,3572.5,3453.8
1547418864662,3572.5,3453.7
1547418865456,3572.6,3453.7
1547418865656,3572.5,3453.7
1547418865784,3572.5,3453.8
1547418866061,3573.2,3453.8
1547418866259,3573.1,3453.8
1547418866460,3573.2,3453.8
1547418866659,3573.1,3453.8
1547418866854,3573.1,3453.7
1547418867060,3573.2,3453.7
1547418867260,3573.1,3453.8
1547418867460,3573.2,3453.8
1547418867659,3573.1,3453.8
1547418868260,3573,3453.8
1547418868459,3572.8,3453.8
1547418868659,3572.5,3453.8
1547418869087,3572.5,3454.1
1547418869354,3572.5,3454
1547418870031,3572.5,3454.1
1547418870281,3572.5,3453.8
1547418871165,3572.5,3453.9
1547418872056,3572.5,3453.8
1547418872306,3572.5,3454
1547418873145,3572.4,3454
1547418873343,3572.4,3453.7
1547418877039,3572.4,3453.9
1547418877718,3572.4,3453.8
1547418878807,3572.4,3453.9
1547418879694,3572.5,3453.9
1547418880097,3573.2,3453.9
1547418880268,3573.2,3453.8
1547418880694,3573.1,3453.8
1547418880894,3572.6,3453.8
1547418881215,3572.6,3453.9
1547418882049,3572.6,3454.1
1547418882300,3572.6,3454
1547418883181,3572.6,3453.7
1547418883735,3573.2,3453.7
1547418883935,3573.3,3453.7
1547418884135,3573.2,3453.7
1547418884270,3573.2,3453.8
1547418885385,3573.2,3453.7
1547418886068,3573.2,3453.8
1547418886439,3573.2,3453.9
1547418886692,3573.2,3453.8
1547418886941,3573.2,3453.9
1547418887191,3573.2,3453.8
1547418887441,3573.2,3453.9
1547418887691,3573.2,3453.8
1547418889616,3573.3,3453.8
1547418889817,3573.2,3453.8
1547418890216,3573.1,3453.8
1547418890866,3573.1,3453.9
1547418891389,3573.2,3453.9
1547418891589,3573.3,3453.9
1547418891789,3573.2,3453.9
1547418892038,3573.2,3454
1547418892537,3573.2,3453.9
1547418892679,3573.4,3453.9
1547418892787,3573.4,3454
1547418893270,3573.4,3453.9
1547418894434,3573.4,3453.6
1547418895023,3573.4,3453.9
1547418897097,3573.4,3453.8
1547418897519,3573.4,3453.5
1547418897726,3573.4,3453.8
1547418898269,3573.5,3453.8
1547418898869,3573.4,3453.8
1547418899037,3573.4,3453.9
1547418899270,3573.5,3453.9
1547418899457,3573.5,3454.1
1547418900269,3573.4,3454.1
1547418900536,3573.4,3453.9
1547418900670,3573.5,3453.9
1547418901070,3573.4,3453.9
1547418902048,3573.4,3453.8
1547418903033,3573.4,3453.9
1547418904048,3573.4,3453.8
1547418905240,3573.2,3453.8
1547418905807,3572.5,3453.8
1547418906215,3572.6,3453.8
1547418907023,3572.6,3453.7
1547418908046,3572.6,3453.9
1547418910276,3572.6,3453.8
1547418910853,3572.7,3453.8
1547418912057,3572.7,3453.9
1547418912166,3572.8,3453.9
1547418913933,3573.6,3453.9
1547418914133,3573.7,3453.9
1547418914341,3573.6,3453.9
1547418915664,3573.6,3453.8
1547418915786,3573.4,3453.8
1547418915913,3573.4,3453.9
1547418916185,3572.7,3453.9
1547418916901,3572.7,3453.8
1547418919068,3572.7,3453.9
1547418921460,3572.7,3453.8
1547418922119,3572.7,3453.9
1547418922325,3573.4,3453.9
1547418923165,3573.6,3453.9
1547418923365,3573.6,3453.8
1547418923745,3573.6,3454.5
1547418923965,3573.5,3454.5
1547418924365,3573.4,3454.5
1547418925167,3573.3,3454.5
1547418925501,3573.3,3454.7
1547418926571,3573.3,3454.5
1547418926803,3573.3,3454.4
1547418927302,3573.3,3454.5
1547418927924,3573.2,3454.5
1547418928525,3573.6,3454.5
1547418929310,3573.6,3453.8
1547418929525,3573.5,3453.8
1547418929903,3573.5,3454.1
1547418930125,3573.4,3454.1
1547418930525,3573.3,3454.1
1547418930975,3573.3,3453.3
1547418931125,3572.7,3453.3
1547418931213,3572.7,3453.1
1547418931463,3572.7,3453.3
1547418932045,3572.7,3453.6
1547418932837,3572.7,3453.7
1547418933088,3572.7,3453.8
1547418933994,3572.8,3453.8
1547418934251,3572.8,3453.7
1547418935596,3573.3,3453.7
1547418936071,3573.3,3453.8
1547418937571,3573.3,3453.7
1547418938049,3573.3,3453.8
1547418940024,3572.7,3453.8
1547418944067,3572.7,3453.7
1547418944426,3573.3,3453.7
1547418945414,3573.3,3453.9
1547418945720,3573.3,3453.7
1547418945908,3572.8,3453.7
1547418946046,3572.8,3453.6
1547418946547,3572.8,3453.4
1547418946796,3572.8,3453.7
1547418947046,3572.8,3453.4
1547418947296,3572.8,3453.5
1547418947546,3572.8,3453.7
1547418947838,3572.9,3453.7
1547418950501,3572.9,3453.6
1547418950551,3573.3,3453.6
1547418954033,3573.3,3453.5
1547418955029,3573.3,3453.4
1547418956017,3573.2,3453.2
1547418956675,3573.3,3453.4
1547418956923,3573.2,3453.2
1547418957173,3573.3,3453.3
1547418957424,3573.2,3453.2
1547418957863,3573.1,3453.2
1547418959047,3573.1,3453.3
1547418959941,3573.1,3453.2
1547418962063,3573.1,3453.3
1547418962680,3573.1,3453.6
1547418962927,3573.1,3453.3
1547418963284,3573.1,3453.6
1547418963533,3573.1,3453.3
1547418963877,3573.1,3453.5
1547418964127,3573.1,3453.3
1547418965339,3573.3,3453.3
1547418966503,3573,3453.2
1547418966639,3573,3453
1547418966753,3572.6,3452.9
1547418967151,3573,3453
1547418967736,3573,3453.1
1547418968050,3573,3453
1547418968340,3572.6,3452.9
1547418970791,3573,3453
1547418971041,3572.6,3452.9
1547418971290,3572.7,3452.9
1547418971541,3573,3453.1
1547418971847,3572.7,3452.9
1547418972067,3573,3453
1547418972566,3572.6,3452.9
1547418972814,3573,3453
1547418976456,3573,3453.2
1547418976951,3572.7,3453.2
1547418977532,3572.7,3453
1547418977770,3573,3453
1547418978020,3572.7,3453
1547418978270,3572.8,3453
1547418978804,3573.1,3453.1
1547418979054,3573,3453
1547418979771,3572.7,3453
1547418980021,3573,3453
1547418982038,3573,3453.3
1547418982350,3572.7,3453.3
1547418982600,3573,3453.3
1547418982957,3572.7,3453.3
1547418983322,3573,3453.3
1547418984132,3572.7,3453.3
1547418984605,3573,3453.3
1547418986252,3572.9,3453.3
1547418986303,3572.9,3453
1547418988066,3573,3453
1547418988442,3573.1,3453.1
1547418989448,3572.8,3453
1547418989698,3572.6,3453.4
1547418990075,3572.6,3453.3
1547418990623,3573.3,3453.6
1547418990863,3573.6,3453.7
1547418993880,3573.6,3453.6
1547418994169,3573.3,3453.5
1547418994636,3573.6,3453.6
1547418994886,3573.3,3453.5
1547418995136,3573,3453.5
1547418995386,3573.3,3453.5
1547418996046,3573.4,3453.5
1547418996296,3573.6,3453.7
1547418997311,3573.4,3453.5
1547418997827,3573.6,3453.7
1547418998077,3573.4,3453.5
1547418998327,3573.6,3453.8
1547418998577,3573.6,3454.2
1547418999280,3573.6,3454
1547418999530,3573.6,3453.7
1547418999737,3573.7,3453.8
1547419000248,3573.9,3454
1547419000498,3573.9,3454.1
1547419000748,3573.9,3454
1547419001138,3573.8,3454
1547419001248,3573.7,3453.7
1547419002744,3573.6,3453.7
1547419005032,3573.6,3453.6
1547419007055,3573.6,3453.7
1547419009040,3573.6,3453.6
1547419010103,3573.4,3453.5
1547419010759,3573.6,3453.7
1547419014712,3573.4,3453.6
1547419017055,3573.3,3453.6
1547419018186,3573.3,3453.5
1547419018386,3573.3,3453.6
1547419018732,3573.6,3453.6
1547419019049,3573.6,3453.7
1547419019299,3573.6,3453.6
1547419019548,3573.6,3453.7
1547419019835,3573.6,3453.6
1547419020050,3573.6,3453.7
1547419020298,3573.6,3453.6
1547419020549,3573.6,3453.7
1547419020799,3573.6,3453.6
1547419021682,3573.6,3453.7
1547419021960,3573.6,3453.6
1547419023995,3573.6,3453.7
1547419024245,3573.6,3453.6
1547419025442,3573.6,3454
1547419025694,3573.6,3453.9
1547419025944,3573.6,3454
1547419030036,3573.6,3453.9
1547419034047,3573.6,3453.8
1547419034297,3573.5,3453.5
1547419034714,3573.6,3453.8
1547419034964,3573.5,3453.5
1547419040082,3573.4,3453.5
1547419042704,3573.3,3453.5
1547419042930,3573.1,3453.5
1547419043180,3572.9,3453.5
1547419043472,3572.8,3453.5
1547419043829,3572.9,3453.5
1547419045644,3573,3453.5
1547419046077,3572.9,3453.5
1547419047192,3573,3453.5
1547419047886,3572.9,3453.5
1547419048613,3572.8,3453.5
1547419050391,3572.9,3453.5
1547419050901,3572.8,3453.5
1547419051150,3572.9,3453.5
1547419056119,3572.8,3453.5
1547419058968,3572.9,3453.5
1547419059643,3572.8,3453.5
1547419059893,3572.9,3453.5
1547419060144,3572.8,3453.5
1547419060329,3572.8,3453
1547419061258,3572.9,3453
1547419061728,3572.9,3452.9
1547419061928,3572.8,3452.9
1547419062128,3572.9,3452.9
1547419062709,3572.8,3452.9
1547419062959,3572.9,3452.9
1547419063723,3572.8,3452.9
1547419063972,3572.9,3452.9
1547419064244,3572.8,3452.9
1547419064495,3572.9,3452.9
1547419064784,3572.8,3452.8
1547419065053,3572.7,3452.8
1547419065553,3572.6,3452.8
1547419065918,3572.8,3452.8
1547419066544,3572.7,3452.8
1547419067046,3572.8,3452.8
1547419067945,3572.7,3452.8
1547419068106,3572.7,3452.7
1547419068945,3572.6,3452.7
1547419069231,3572.6,3452.6
1547419069745,3572.6,3452.9
1547419070188,3572.5,3452.9
1547419071146,3572.5,3452.8
1547419071345,3572.6,3452.8
1547419071595,3572.9,3452.9
1547419071746,3572.8,3452.9
1547419071945,3572.8,3453
1547419072075,3572.8,3452.9
1547419072345,3572.7,3452.9
1547419072545,3572.7,3452.8
1547419072937,3572.7,3452.7
1547419073187,3572.7,3453.1
1547419074234,3572.7,3453
1547419075383,3572.7,3453.1
1547419075620,3572.6,3453.1
1547419075819,3572.6,3453
1547419076019,3573,3453
1547419076219,3572.9,3453
1547419076819,3573,3453
1547419077898,3573,3453.1
1547419078146,3573,3453
1547419079052,3573,3453.1
1547419079302,3573,3453.2
1547419080388,3573,3453.1
1547419080663,3573,3453.3
1547419080812,3573.1,3453.3
1547419080888,3573.1,3453.1
1547419081290,3572.8,3453
1547419081540,3573.1,3453.2
1547419082553,3572.7,3453
1547419082804,3573.1,3453.1
1547419083309,3573.1,3453.2
1547419084277,3573.1,3453.1
1547419085040,3573.1,3453.2
1547419085890,3573.1,3453.1
1547419087075,3573.1,3453.3
1547419089534,3573.1,3453.4
1547419089784,3573.1,3453.2
1547419090301,3573.1,3453.3
1547419091112,3573.1,3453.2
1547419092409,3573.1,3453.1
1547419092658,3573.1,3453.3
1547419092908,3572.8,3453
1547419093158,3573.1,3453.2
1547419093723,3573.1,3453.3
1547419094086,3573,3453.3
1547419094285,3573,3453.2
1547419094390,3573,3453.3
1547419095135,3573,3453.2
1547419095485,3572.9,3453.2
1547419095746,3572.9,3453.3
1547419095995,3572.9,3453.2
1547419096245,3572.9,3453
1547419096875,3572.7,3452.8
1547419097125,3572.9,3453.1
1547419097375,3572.9,3453
1547419097783,3572.8,3453
1547419098548,3572.8,3453.1
1547419098913,3572.8,3453
1547419099163,3572.8,3453.1
1547419099434,3572.8,3453
1547419099605,3572.7,3453
1547419100237,3572.7,3453.1
1547419100488,3572.7,3453
1547419100737,3572.7,3453.1
1547419100804,3573.1,3453.1
1547419101404,3572.7,3453.1
1547419102004,3573.1,3453.1
1547419102204,3572.7,3453.1
1547419102460,3572.7,3453
1547419102604,3573,3453
1547419102716,3573.1,3453.1
1547419102962,3573,3453
1547419103205,3572.7,3453
1547419103605,3572.7,3452.9
1547419103753,3572.7,3452.7
1547419104004,3572.6,3452.7
1547419104253,3572.6,3452.6
1547419105516,3572.2,3452.5
1547419106616,3572.5,3452.5
1547419107049,3572.4,3452.5
1547419108213,3572.5,3452.5
1547419111048,3572.4,3452.5
1547419111298,3572.5,3452.5
1547419111798,3572.6,3452.6
1547419112048,3572.5,3452.5
1547419114732,3572.4,3452.5
1547419115232,3572.1,3452.5
1547419115926,3572.2,3452.5
1547419116306,3571.8,3452.5
1547419116556,3571.7,3452.5
1547419117006,3571.8,3452.5
1547419117256,3571.6,3452.5
1547419117506,3572.1,3452.5
1547419118051,3572,3452.5
1547419118301,3572.1,3452.5
1547419118803,3571.9,3452.5
1547419119052,3572,3452.5
1547419120671,3572.2,3452.5
1547419120922,3572.3,3452.5
1547419121034,3571.1,3452.3
1547419121555,3571.1,3452.4
1547419121805,3571.1,3452.3
1547419122057,3571.1,3452
1547419122308,3571.1,3452.2
1547419123329,3571.1,3452.3
1547419123955,3571.1,3452
1547419124455,3571.1,3452.1
1547419125023,3571.1,3451.7
1547419125272,3571.1,3451.5
1547419126115,3571.1,3451.9
1547419126365,3571.1,3452
1547419127062,3571.1,3452.1
1547419127311,3571.1,3452.3
1547419127561,3571.1,3452.2
1547419128037,3571.1,3452.3
1547419128314,3571.1,3452.4
1547419128761,3571.1,3452.3
1547419129011,3571.1,3452.2
1547419130114,3571.1,3452.3
1547419130502,3571.3,3452.3
1547419130614,3571.3,3452.5
1547419130863,3571.3,3452.4
1547419131589,3571.3,3452.7
1547419132077,3571.4,3452.8
1547419132654,3571.4,3452.4
1547419132704,3571.1,3452.4
1547419132903,3571.1,3452.2
1547419133153,3571.1,3452.3
1547419133654,3571.1,3452.6
1547419133904,3571.1,3452.9
1547419134655,3571.1,3453
1547419134905,3571.1,3452.9
1547419135273,3571.6,3452.9
1547419135405,3571.6,3452.6
1547419135693,3571.6,3452.7
1547419135943,3571.7,3452.8
1547419136185,3572.2,3452.8
1547419136384,3572.2,3452.7
1547419137185,3572.1,3452.7
1547419137235,3572.1,3452.9
1547419137385,3572.2,3452.9
1547419138052,3572.2,3453
1547419139385,3572.1,3453
1547419139436,3572.1,3452.7
1547419139679,3572.1,3452.6
1547419139985,3572.3,3452.6
1547419140235,3572.3,3452.7
1547419140385,3572.2,3452.7
1547419140550,3572.2,3452.6
1547419141051,3572.2,3452.8
1547419141301,3572.2,3452.7
1547419141552,3572.2,3453.9
1547419142302,3572.2,3454
1547419142550,3572.2,3454.1
1547419142601,3572.6,3454.1
1547419143185,3572.7,3454.1
1547419143324,3572.7,3453.9
1547419143574,3572.7,3454.2
1547419143985,3572.8,3454.2
1547419144185,3572.8,3454.3
1547419144386,3572.7,3454.3
1547419144976,3572.7,3454.2
1547419145235,3572.7,3454.3
1547419145476,3572.7,3454.4
1547419145726,3572.7,3453.3
1547419145785,3572.2,3453.3
1547419145976,3572.2,3453.4
1547419146235,3572.2,3453.5
1547419146582,3572.2,3453.4
1547419146832,3572.2,3453.7
1547419147083,3572.2,3453.6
1547419147936,3572.2,3454.3
1547419147986,3572.5,3454.3
1547419148900,3572.5,3454
1547419149046,3572.2,3454
1547419149150,3572.2,3453.4
1547419149995,3572.2,3453.5
1547419150245,3572.2,3453.8
1547419151088,3572.2,3453.7
1547419151838,3572.2,3453.8
1547419152088,3572.2,3453.9
1547419153332,3572.2,3454.2
1547419154097,3572.2,3454.3
1547419154434,3572.2,3454.2
1547419154484,3573.7,3454.2
1547419155043,3573.7,3454.1
1547419156455,3573.6,3454.1
1547419156655,3572.6,3454.1
1547419156774,3572.6,3454.4
1547419157055,3572.5,3454.4
1547419157969,3572.5,3454.5
1547419158219,3572.6,3454.4
1547419158455,3572.5,3454.4
1547419158655,3572.4,3454.4
1547419159381,3572.4,3454.5
1547419159632,3572.4,3454.4
1547419159880,3572.4,3454.5
1547419160131,3572.4,3454.4
1547419162087,3572.4,3454.5
1547419162137,3572.7,3454.5
1547419162465,3572.7,3454.4
1547419162715,3572.9,3454.5
1547419162966,3572.9,3454.4
1547419163216,3572.9,3454.5
1547419164247,3572.8,3454.5
1547419165302,3572.8,3454.4
1547419166369,3572.8,3454.1
1547419166427,3572.3,3454.1
1547419167462,3572.3,3453.6
1547419167615,3572.4,3453.6
1547419168553,3572.4,3454.3
1547419169623,3572.4,3453.8
1547419170103,3572.4,3453.7
1547419170580,3572.3,3453.7
1547419170708,3572.3,3453.8
1547419171519,3572.3,3453.9
1547419171624,3572.6,3453.9
1547419171769,3572.6,3453.8
1547419172019,3572.6,3454.2
1547419172516,3572.4,3454.2
1547419172716,3572.3,3454.2
1547419172919,3572.5,3454.2
1547419173991,3572.5,3454.1
1547419174042,3572.3,3454.1
1547419174241,3572.3,3454.2
1547419175038,3572.3,3454.1
1547419175289,3572.3,3454
1547419177226,3572.3,3453.6
1547419178111,3572.4,3453.6
1547419178291,3572.4,3453.3
1547419179312,3572.7,3453.3
1547419180086,3572.7,3453.4
1547419180453,3572.6,3453.6
1547419181052,3572.6,3453.5
1547419182035,3572.6,3453.6
1547419185048,3572.6,3453.5
1547419185887,3572.5,3453.5
1547419186902,3572.5,3453.6
1547419187502,3572.5,3453.5
1547419188002,3572.5,3453.6
1547419189385,3572.4,3453.6
1547419190144,3572.4,3453.5
1547419191004,3572.5,3453.5
1547419191205,3572.4,3453.5
1547419191255,3572.4,3453.1
1547419192032,3572.4,3453.2
1547419194045,3572.4,3453.3
1547419196068,3572.4,3453.4
1547419196216,3572.3,3453.4
1547419197880,3572.4,3453.4
1547419198162,3572.3,3453.4
1547419200109,3572.4,3453.4
1547419200309,3572.7,3453.4
1547419201325,3572.8,3453.4
1547419202089,3572.3,3453.4
1547419202292,3572.2,3453.3
1547419204834,3572.3,3453.3
1547419205085,3572.3,3453.2
1547419205468,3572.3,3453.3
1547419205518,3572.8,3453.3
1547419207237,3572.3,3453.3
1547419207640,3572.3,3453.4
1547419207973,3572.4,3453.4
1547419209629,3572.4,3453.5
1547419209879,3572.4,3453.4
1547419210937,3572.4,3453.5
1547419211185,3572.4,3453.4
1547419211436,3572.4,3453
1547419211686,3572.4,3452.9
1547419211982,3572.8,3452.9
1547419212032,3572.5,3452.7
1547419212249,3572.6,3452.7
1547419213095,3572.8,3453
1547419213373,3572.8,3453.1
1547419214040,3572.8,3453.2
1547419214306,3572.8,3453.3
1547419215276,3572.8,3453.4
1547419215526,3572.8,3453.5
1547419216054,3572.8,3453.4
1547419216304,3572.8,3453.3
1547419217037,3572.8,3453.5
1547419217288,3572.8,3453.2
1547419217538,3572.8,3453.6
1547419218164,3572.8,3453.5
1547419218414,3572.8,3453.6
1547419219047,3572.8,3453.4
1547419219645,3572.9,3453.4
1547419219844,3573,3453.4
1547419220095,3573,3453.5
1547419220697,3573,3453.6
1547419220844,3572.9,3453.6
1547419221044,3573,3453.5
1547419221171,3573,3453.6
1547419221644,3573.1,3453.6
1547419222645,3572.8,3453.6
1547419222870,3573.1,3453.6
1547419223047,3573.1,3453.5
1547419223309,3573.1,3453.2
1547419223548,3573.1,3453.6
1547419223798,3573.1,3453.9
1547419224059,3573.4,3453.9
1547419225966,3573.4,3453.5
1547419226216,3573.4,3453.9
1547419226515,3573.3,3453.9
1547419227058,3573.3,3454
1547419227721,3573.4,3454
1547419227919,3573.3,3454
1547419228086,3573.3,3453.9
1547419228336,3573.3,3453.8
1547419228543,3573.2,3453.8
1547419228995,3573.2,3453.7
1547419229245,3573.2,3453.8
1547419229743,3573.1,3453.8
1547419229937,3573.1,3453.7
1547419230188,3573.1,3453.8
1547419230972,3573.1,3453.9
1547419231222,3573.1,3453.8
1547419231972,3573.1,3453.4
1547419232222,3573.1,3453.5
1547419232618,3573.1,3453.6
1547419233117,3573.1,3453.5
1547419233398,3573.1,3453.6
1547419233898,3573.1,3453.7
1547419234149,3573.1,3453.5
1547419234884,3573.1,3453.1
1547419235134,3573.1,3453.2
1547419235384,3573.1,3453.1
1547419235705,3573.1,3453.2
1547419237088,3573.1,3453.4
1547419237338,3573.1,3453.5
1547419238031,3573.1,3453.4
1547419238281,3573.1,3453.6
1547419239045,3573.1,3453.7
1547419241611,3573.1,3453.8
1547419242562,3573.1,3453.7
1547419244723,3573.1,3453.8
1547419245865,3573.2,3453.8
1547419246665,3573.3,3453.8
1547419248010,3573.3,3453.9
1547419253090,3573.3,3454
1547419253339,3573.3,3453.9
1547419253589,3573.3,3454
1547419256052,3573.3,3454.1
1547419256680,3573.3,3453.9
1547419257786,3573.3,3454.1
1547419259089,3573.3,3454.2
1547419259545,3573.3,3454.3
1547419259948,3573.3,3454.8
1547419261101,3573.3,3454.9
1547419261352,3573.3,3454.8
1547419262069,3573.3,3454.9
1547419262983,3573.3,3454.8
1547419263232,3573.3,3454.9
1547419263482,3573.3,3454.5
1547419263972,3573.3,3454.6
1547419264221,3573.3,3454.5
1547419264473,3573.3,3454.7
1547419265720,3573.3,3454.8
1547419267632,3573.3,3454.9
1547419267991,3573.3,3454.8
1547419268242,3573.3,3454.7
1547419269702,3573.3,3454.8
1547419270202,3573.3,3454.7
1547419270933,3573.3,3454.8
1547419271549,3573.3,3454.6
1547419271800,3573.3,3454.7
1547419272150,3573.3,3454.8
1547419272401,3573.3,3454.7
1547419273145,3573.3,3454.8
1547419274068,3573.3,3454.7
1547419275050,3573.3,3454.8
1547419276418,3573.3,3454.4
1547419276668,3573.3,3454.9
1547419278066,3573.3,3455
1547419278619,3573.3,3454.7
1547419279415,3573.3,3454.5
1547419279665,3573.3,3454.7
1547419279915,3573.3,3455
1547419280168,3573.3,3454.9
1547419280559,3573.3,3455
1547419280780,3573.3,3454.9
1547419281030,3573.3,3454.7
1547419281745,3573.3,3454.2
1547419281994,3573.3,3454.9
1547419282245,3573.3,3454.5
1547419282495,3573.3,3454.9
1547419282988,3573.3,3454.7
1547419284127,3573.3,3454.9
1547419284376,3573.3,3455
1547419288234,3573.3,3454.6
1547419288483,3573.3,3455
1547419288734,3573.3,3454.8
1547419288985,3573.3,3454.7
1547419289235,3573.3,3454.8
1547419289620,3573.3,3455
1547419290752,3573.3,3454.8
1547419291864,3573.3,3455
1547419292978,3573.3,3454.8
1547419294038,3573.3,3454.7
1547419294110,3572.7,3454.7
1547419294287,3572.7,3454.5
1547419295179,3573.3,3454.5
1547419298038,3573.3,3454.4
1547419298288,3573.3,3454.3
1547419298538,3573.3,3454.5
1547419300619,3573.3,3454.4
1547419300869,3573.3,3454.3
1547419301701,3573.3,3454.4
1547419304123,3573.3,3454.3
1547419304372,3573.3,3454.4
1547419307110,3573.3,3454.5
1547419309048,3573.3,3454.6
1547419312046,3573.3,3454.5
1547419314483,3572.9,3454.5
1547419314677,3572.8,3454.5
1547419315059,3572.8,3454.6
1547419316124,3572.9,3454.6
1547419317251,3573.4,3454.6
1547419317824,3573.4,3454.5
1547419318074,3573.4,3454.6
1547419318336,3573.3,3454.6
1547419319124,3573.3,3454.8
1547419319686,3573.4,3454.8
1547419320102,3573.4,3454.9
1547419320597,3573.5,3454.9
1547419321128,3573.3,3454.9
1547419321328,3573.7,3454.9
1547419321599,3573.7,3455
1547419321848,3573.7,3455.3
1547419322401,3573.5,3455.3
1547419323165,3573.6,3455.3
1547419323468,3574,3455.3
1547419323610,3574,3455.5
1547419324059,3574,3455.6
1547419324819,3574,3455.5
1547419324869,3574.2,3455.5
1547419325621,3574.2,3455.6
1547419325912,3574.2,3455.4
1547419326120,3574.2,3455.5
1547419326371,3574.2,3455.4
1547419326621,3574.2,3455.5
1547419326671,3574,3455.5
1547419327061,3574,3455.6
1547419328036,3574,3455.5
1547419328286,3574,3455
1547419328536,3574,3455.1
1547419329012,3574,3454.6
1547419330040,3574,3454.5
1547419330170,3573.7,3454.5
1547419330290,3573.7,3455
1547419330541,3573.7,3455.1
1547419331055,3573.7,3455.2
1547419331105,3574.1,3455.2
1547419331305,3574.1,3454.8
1547419331861,3574.1,3454.6
1547419332127,3574.1,3454.5
1547419332377,3574.1,3455
1547419333269,3574.1,3454.7
1547419333519,3574.1,3455.1
1547419335160,3574.1,3455.2
1547419335749,3574.1,3454.9
1547419336849,3574.1,3454.6
1547419337941,3574.1,3454.7
1547419339851,3574.1,3454.3
1547419340101,3574.1,3454.7
1547419340350,3574.1,3454.8
1547419343549,3574.1,3454.9
1547419347022,3574.1,3455.1
1547419347272,3574.1,3455.2
1547419347522,3574.1,3455.1
1547419348022,3574.1,3455.2
1547419350863,3574.1,3455.1
1547419351113,3574.1,3455.2
1547419351363,3574.1,3455.1
1547419352277,3574.1,3454.8
1547419353238,3574.1,3454.5
1547419353489,3574.1,3454.9
1547419354069,3574.1,3454.8
1547419354630,3574.1,3454.9
1547419356041,3574.1,3455
1547419360157,3574.1,3455.1
1547419360408,3574.1,3455
1547419362165,3574.1,3455.1
1547419362415,3574.1,3455
1547419362747,3574.1,3455.1
1547419362997,3574.1,3455
1547419363250,3574.1,3455.1
1547419364145,3574.1,3455
1547419364380,3574.1,3455.1
1547419364834,3574.1,3454.9
1547419365084,3574.1,3455
1547419365713,3574.1,3455.1
1547419368263,3574.1,3454.8
1547419368514,3574.1,3455.1
1547419369150,3574.1,3455.2
1547419369400,3574.1,3455.1
1547419370099,3574.1,3455.2
1547419371060,3574.1,3455.3
1547419372320,3574.1,3455.2
1547419372592,3574.1,3454.8
1547419372841,3574.1,3455.2
1547419373230,3574.1,3454.8
1547419373480,3574.1,3455.2
1547419374289,3574.1,3454.9
1547419374538,3574.1,3454.7
1547419375137,3574.1,3454.8
1547419375387,3574.1,3454.7
1547419375637,3574.1,3454.9
1547419376151,3574.1,3455
1547419376401,3574.1,3454.9
1547419377696,3574.1,3455
1547419378799,3574.1,3454.8
1547419379047,3574.1,3455
1547419379998,3574.1,3454.9
1547419380246,3574.1,3455
1547419381019,3574.1,3454.9
1547419381544,3574.1,3455
1547419381795,3574.1,3454.9
1547419382293,3574.1,3455
1547419384181,3574.1,3455.2
1547419384430,3574.1,3455.1
1547419384898,3574.1,3455
1547419385663,3574.1,3454.9
1547419386163,3574.1,3455
1547419387162,3574.1,3455.1
1547419392185,3574.1,3455.2
1547419392604,3574,3455.2
1547419392712,3574,3455.1
1547419393064,3574.1,3455.1
1547419393373,3574.1,3454.9
1547419393623,3574.1,3455.1
1547419393725,3574,3455.1
1547419393873,3574,3454.7
1547419394123,3574,3455
1547419396107,3574,3455.1
1547419397038,3574,3454.9
1547419397187,3573.9,3454.9
1547419397531,3573.9,3455
1547419398905,3574,3455
1547419399055,3574,3455.1
1547419399805,3574,3455.2
1547419400069,3574,3455.1
1547419400680,3574,3455.2
1547419400930,3573.9,3455.1
1547419401484,3573.9,3455.2
1547419401734,3573.9,3455.1
1547419402234,3573.9,3455.2
1547419403939,3573.9,3455.3
1547419404545,3574,3455.3
1547419405029,3574,3455.2
1547419406082,3574,3455.3
1547419406332,3574,3455.4
1547419407155,3574,3455.1
1547419407405,3574,3455.4
1547419410150,3574,3455.5
1547419410407,3574,3455.2
1547419410651,3574,3455.5
1547419411123,3574,3455.2
1547419411373,3574,3455.5
1547419412576,3574,3455.2
1547419412826,3574,3455.4
1547419413250,3574,3455.2
1547419413513,3574,3455.4
1547419414069,3574,3455.5
1547419415460,3574,3455.1
1547419415709,3574,3455.4
1547419416290,3574,3455.3
1547419416652,3574,3455.1
1547419416901,3574,3455.3
1547419418150,3574,3455.4
1547419418400,3574,3455.3
1547419419057,3574,3455.1
1547419419308,3574,3455.3
1547419419660,3574,3455.1
1547419419911,3574,3455.3
1547419423310,3574,3455
1547419423520,3574,3455.3
1547419423751,3574.1,3455.3
1547419425167,3574.1,3455.2
1547419425417,3574.1,3455.3
1547419425856,3574.1,3455.2
1547419426934,3574.1,3454.9
1547419427183,3574.1,3454.8
1547419427438,3574.1,3454.9
1547419427788,3574.1,3454.6
1547419428039,3574.1,3454.9
1547419428291,3574.1,3455
1547419428700,3574.5,3455
1547419428965,3574.6,3455
1547419429524,3574.6,3454.9
1547419429774,3574.6,3455
1547419432741,3574.6,3455.1
1547419433241,3574.6,3455
1547419433786,3574.6,3455.1
1547419434035,3574.5,3455.1
1547419434235,3574.5,3455
1547419434835,3574.4,3455
1547419435085,3574.4,3455.1
1547419435299,3574.4,3454.9
1547419435548,3574.4,3454.8
1547419435834,3574,3454.8
1547419436806,3574,3454.7
1547419437097,3574,3454.5
1547419437407,3574,3454.3
1547419437655,3574,3454.4
1547419438036,3574,3454.2
1547419438286,3574,3454.3
1547419438669,3573.8,3454.3
1547419438850,3573.8,3454.1
1547419438900,3573.1,3454.1
1547419439119,3573.1,3454
1547419439269,3572.5,3454
1547419439367,3572.5,3453.7
1547419439685,3572.5,3453.9
1547419439868,3572.4,3453.8
1547419440119,3572.4,3453.7
1547419440367,3572.4,3453.8
1547419440669,3572.1,3453.8
1547419440868,3572.1,3453.7
1547419441122,3572.1,3453.8
1547419441618,3572.1,3453.5
1547419442199,3572.1,3453.3
1547419442448,3572.1,3452.7
1547419442781,3572.1,3452.5
1547419443027,3572.1,3452.6
1547419443277,3572.1,3452.5
1547419443792,3572.1,3452.7
1547419444278,3572.1,3452.5
1547419444329,3572.5,3452.7
1547419444528,3572.4,3452.7
1547419444778,3572.6,3452.7
1547419445540,3572.8,3453.4
1547419445690,3572.1,3453.4
1547419445806,3572.1,3453.3
1547419445996,3572,3453.3
1547419446198,3572.1,3453.4
1547419446388,3572.1,3453.1
1547419446544,3572,3453.1
1547419446638,3572,3453.3
1547419446944,3571.5,3453.3
1547419447036,3571.5,3453.1
1547419447286,3571.5,3453.2
1547419447542,3571.5,3453.1
1547419447592,3571.2,3453.1
1547419447787,3571.2,3452.3
1547419448226,3571.2,3452.4
1547419448970,3571.2,3452.3
1547419449925,3571.2,3452.4
1547419450130,3571.2,3452.2
1547419450649,3571.2,3452.3
1547419450963,3571.2,3452.1
1547419451213,3571.2,3452.3
1547419451553,3571.2,3452.2
1547419451919,3571.7,3452.2
1547419452034,3571.7,3452.3
1547419452198,3571.6,3451.8
1547419452703,3571.5,3451.8
1547419453142,3571.5,3452.1
1547419453492,3571.4,3452.1
1547419453692,3572.1,3452.1
1547419454092,3572,3452.1
1547419454235,3572,3452.4
1547419454652,3572,3452.3
1547419454902,3572,3452.4
1547419455154,3572,3452.3
1547419455405,3572,3452.4
1547419455653,3572,3452.2
1547419455892,3572.1,3452.2
1547419456093,3572,3452.2
1547419456295,3572.1,3452.3
1547419456418,3572.1,3452.2
1547419456706,3572,3452.2
1547419457092,3572.1,3452.2
1547419457668,3572.1,3452.1
1547419457718,3571.8,3452.1
1547419457892,3571.7,3452.1
1547419458038,3571.7,3452
1547419458586,3571.7,3452.1
1547419458693,3571.5,3452.1
1547419458894,3571,3452.1
1547419459116,3571,3452.2
1547419459334,3570.9,3452.2
1547419459534,3570.9,3452.1
1547419460159,3570.9,3452
1547419460499,3570.9,3451.9
1547419460747,3570.9,3451.6
1547419461846,3570,3451.6
1547419462057,3570,3451.9
1547419465001,3570,3452
1547419467071,3570,3451.9
1547419468889,3570,3451.7
1547419469081,3570,3451.9
1547419469375,3570,3452
1547419469875,3570,3451.9
1547419471283,3570,3451.8
1547419471683,3570,3451.7
1547419471933,3570,3451.6
1547419472779,3570,3451.5
1547419473899,3570,3451.4
1547419474148,3570,3451.3
1547419475177,3570,3451.2
1547419475876,3570,3451
1547419477086,3570,3450.9
1547419477336,3570,3451.1
1547419479050,3570,3451.2
1547419484857,3570,3451.4
1547419484926,3570.4,3451.4
1547419487008,3570.4,3451.2
1547419487258,3570.4,3451.1
1547419488057,3570.4,3451.2
1547419489197,3570.4,3451.7
1547419490281,3570.4,3451.5
1547419491386,3570.4,3451.6
1547419493543,3570.6,3451.6
1547419493594,3570.6,3451.8
1547419495726,3570.6,3451.9
1547419496629,3570.7,3451.9
1547419497070,3570.7,3452
1547419497120,3571.2,3452
1547419497294,3571.9,3452
1547419497696,3571.9,3451.9
1547419497894,3571.9,3452
1547419498099,3571.8,3452
1547419500284,3571.7,3451.7
1547419500334,3571.4,3451.7
1547419500485,3571.7,3451.8
1547419501223,3571.9,3452
1547419501885,3571.2,3452
1547419502085,3571.8,3452
1547419502314,3571.8,3451.8
1547419504061,3571.8,3451.9
1547419504486,3571.9,3451.9
1547419504686,3571.8,3451.9
1547419505039,3571.8,3452
1547419505287,3571.9,3452
1547419505488,3571.9,3451.9
1547419505592,3571.9,3452
1547419505840,3571.9,3451.9
1547419506087,3571.8,3451.9
1547419506691,3571.8,3452
1547419507421,3571.8,3451.9
1547419507667,3571.8,3452
1547419508040,3571.7,3452
1547419508835,3571.7,3451.9
1547419509546,3571.4,3451.9
1547419509746,3571.3,3451.9
1547419509945,3571.6,3451.9
1547419510146,3571.5,3451.9
1547419510788,3571.6,3451.9
1547419510988,3571.3,3451.9
1547419512487,3571.3,3451.8
1547419512690,3571.2,3451.8
1547419513044,3571.2,3451.9
1547419513610,3571.2,3452.2
1547419515601,3571.2,3452.3
1547419516413,3571.2,3452.2
1547419516663,3571.2,3452.1
1547419517287,3571.2,3452.2
1547419517536,3571.2,3452
1547419517929,3571.2,3451.6
1547419518179,3571.2,3451.9
1547419518632,3571.2,3452
1547419518881,3571.2,3451.9
1547419520155,3571.2,3452
1547419520405,3571.2,3451.9
1547419525180,3571.2,3452
1547419525469,3571.2,3452.1
1547419526518,3571.2,3451.7
1547419526767,3571.2,3452
1547419527104,3571.3,3452
1547419528474,3571.3,3451.9
1547419528720,3571.3,3451.7
1547419529282,3571.3,3451.6
1547419529532,3571.3,3451.8
1547419529848,3571.3,3451.6
1547419530098,3571.3,3451.9
1547419532841,3571.3,3451.8
1547419533751,3571.4,3451.8
1547419533955,3571.4,3451.9
1547419534205,3571.4,3451.8
1547419534750,3571.3,3451.8
1547419537194,3571.3,3451.9
1547419538284,3571.3,3451.8
1547419541555,3571.3,3451.9
1547419542663,3571.3,3451.8
1547419543401,3571.4,3451.8
1547419543759,3571.4,3451.9
1547419544001,3571.3,3451.9
1547419544838,3571.3,3451.8
1547419546215,3571.4,3451.8
1547419549183,3571.4,3451.9
1547419550242,3571.4,3451.8
1547419568953,3571.4,3451.7
1547419569201,3571.4,3451.8
1547419571033,3571.4,3451.7
1547419571282,3571.4,3451.5
1547419572119,3571.4,3451.6
1547419575054,3571.4,3451.5
1547419575336,3571.4,3451.4
1547419576421,3571.4,3451.5
1547419579094,3571.4,3451.6
1547419580766,3571.4,3451.7
1547419581592,3571.4,3451.6
1547419584248,3571.4,3451.4
1547419584498,3571.4,3451.6
1547419585170,3571.4,3451.5
1547419585420,3571.4,3451.4
1547419586449,3571.2,3451.3
1547419586694,3571.3,3451.3
1547419587074,3571.2,3451.3
1547419587337,3571.3,3451.3
1547419588065,3571.2,3451.3
1547419589046,3571.1,3451.3
1547419592037,3570.9,3451.3
1547419596089,3570.8,3451.3
1547419599085,3570.8,3451.2
1547419600067,3570.7,3451.2
1547419601028,3570.8,3451.2
1547419608052,3570.7,3451.2
1547419612958,3570.7,3451.1
1547419619906,3570.2,3450.7
1547419621314,3570.2,3450.8
1547419622037,3570.2,3450.7
1547419623585,3570.1,3450.7
1547419624508,3570.2,3450.7
1547419625052,3570.2,3450.8
1547419627373,3570.1,3450.8
1547419633592,3570,3450.8
1547419637473,3570.1,3450.8
1547419637673,3570.2,3450.8
1547419639274,3570.3,3450.8
1547419640680,3570.4,3450.8
1547419642039,3570.4,3450.7
1547419642301,3570.2,3450.7
1547419642501,3570.4,3450.7
1547419642700,3570.2,3450.7
1547419642901,3570.5,3450.7
1547419643500,3570.1,3450.7
1547419643701,3570.4,3450.7
1547419651062,3570.4,3450.8
1547419654093,3570.5,3450.8
1547419670766,3570.6,3450.8
1547419671144,3570.6,3450.9
1547419672471,3570.6,3450.8
1547419672724,3570.6,3450.9
1547419675428,3570.5,3450.8
1547419676028,3570.5,3450.9
1547419676425,3570.5,3450.8
1547419676675,3570.5,3450.9
1547419677433,3570.5,3450.8
1547419677683,3570.5,3450.9
1547419678444,3570.5,3450.8
1547419678694,3570.5,3450.9
1547419685071,3570.5,3451
1547419691948,3570.6,3451
1547419696430,3570.6,3450.9
1547419697060,3570.6,3451
1547419697919,3570.5,3451
1547419699175,3570.5,3450.9
1547419699425,3570.5,3451
1547419701625,3570.9,3451
1547419701861,3571,3451.3
1547419702062,3571.1,3451.3
1547419703171,3571,3451.3
1547419703420,3571.1,3451.3
1547419705143,3571,3451.3
1547419706055,3571.1,3451.3
1547419710035,3571,3451.3
1547419711866,3571.1,3451.3
1547419712116,3570.8,3451.3
1547419712966,3570.7,3451.3
1547419724684,3570.5,3451.3
1547419730113,3570.6,3451.3
1547419731964,3570.7,3451.3
1547419732471,3570.6,3451.3
1547419732953,3570.7,3451.3
1547419733202,3570.6,3451.3
1547419752025,3570.5,3451.3
1547419754299,3570.6,3451.3
1547419754549,3570.5,3451.3
1547419756837,3570.7,3451.3
1547419762036,3570.8,3451.3
1547419762213,3570.8,3451.4
1547419762614,3570.8,3451.5
1547419764040,3570.9,3451.5
1547419764694,3570.9,3451.6
1547419764855,3570.8,3451.6
1547419771055,3570.7,3451.6
1547419775036,3570.7,3451.8
1547419775993,3570.7,3451.5
1547419776150,3570.8,3451.5
1547419776593,3570.8,3451.4
1547419777176,3570.7,3451.4
1547419777378,3570.7,3451.3
1547419780297,3570.7,3451.4
1547419780696,3570.7,3451.5
1547419781896,3570.7,3451.4
1547419782150,3570.8,3451.4
1547419782363,3570.7,3451.4
1547419783180,3570.8,3451.4
1547419783426,3570.7,3451.4
1547419783679,3570.7,3451.5
1547419783876,3570.7,3451.4
1547419785440,3570.8,3451.4
1547419785694,3570.7,3451.4
1547419792040,3570.6,3451.4
1547419798299,3570.5,3451.4
1547419798848,3570.5,3451.3
1547419800097,3570.2,3451.3
1547419800348,3570.5,3451.3
1547419800597,3570.2,3451.3
1547419801097,3570.1,3451.3
1547419801779,3570.2,3451.3
1547419804030,3570.1,3451.3
1547419804477,3570.1,3450.9
1547419804679,3570,3450.5
1547419804875,3570,3450.2
1547419805146,3569.9,3450.2
1547419805862,3569.9,3450.1
1547419806377,3569.8,3450.1
1547419806765,3569.9,3450.1
1547419807186,3569.8,3450.1
1547419807907,3569.8,3450.2
1547419808106,3569.9,3450.4
1547419808320,3569.8,3450.7
1547419808506,3569.8,3450.6
1547419808683,3569.9,3450.6
1547419808906,3569.9,3450.4
1547419809611,3569.8,3450.4
1547419810358,3569.7,3450.4
1547419810706,3569.7,3450.3
1547419810906,3569.7,3450.4
1547419811157,3569.8,3450.4
1547419811358,3569.7,3450.4
1547419811506,3569.7,3450.3
1547419811770,3569.6,3450.3
1547419811911,3569.6,3450.1
1547419812065,3569.7,3450.1
1547419812883,3569.8,3450.1
1547419813133,3569.7,3450.1
1547419813383,3569.8,3450.1
1547419813965,3569.7,3450.1
1547419814492,3569.7,3450.6
1547419815044,3569.6,3450.6
1547419815292,3569.6,3450.5
1547419815492,3569.6,3450.4
1547419816144,3569.5,3450.4
1547419816496,3569.5,3450.3
1547419816840,3569.6,3450.3
1547419817156,3569.5,3450.3
1547419817543,3569.6,3450.3
1547419818493,3569.6,3450.2
1547419819174,3569.5,3450.2
1547419822047,3569.6,3450.2
1547419823064,3569.5,3450.2
1547419823874,3569.5,3450.3
1547419824075,3569.6,3450.4
1547419824839,3569.5,3450.4
1547419825231,3569.6,3450.4
1547419825921,3569.5,3450.4
1547419826170,3569.6,3450.4
1547419827341,3569.5,3450.4
1547419827590,3569.6,3450.4
1547419827849,3569.5,3450.4
1547419828090,3569.7,3450.4
1547419828355,3569.6,3450.4
1547419828602,3569.6,3450.3
1547419829354,3569.7,3450.3
1547419829605,3569.6,3450.3
1547419830449,3569.5,3450.3
1547419831029,3569.7,3450.3
1547419831276,3569.6,3450.3
1547419832319,3569.6,3450.2
1547419833962,3569.5,3450.2
1547419834865,3569.5,3450.1
1547419835046,3569.6,3450.1
1547419835466,3569.6,3449.9
1547419835597,3569.5,3449.9
1547419836669,3569.6,3449.9
1547419837920,3569.5,3449.9
1547419840772,3569.6,3449.9
1547419841020,3569.5,3449.9
1547419843827,3569.5,3449.7
1547419844038,3569.6,3449.7
1547419846665,3569.5,3449.7
1547419846914,3569.4,3449.7
1547419847163,3569.5,3449.7
1547419848021,3569.6,3449.7
1547419848808,3569.5,3449.7
1547419849442,3569.6,3449.7
1547419849692,3569.4,3449.7
1547419850191,3569.3,3449.7
1547419850440,3569.4,3449.7
1547419850692,3569.2,3449.7
1547419850941,3569.1,3449.7
1547419852115,3569,3449.7
1547419852697,3568.9,3449.7
1547419853071,3568.8,3449.7
1547419856046,3568.7,3449.7
1547419857027,3568.8,3449.7
1547419859125,3568.8,3449.6
1547419859925,3568.8,3449.5
1547419860030,3568.7,3449.5
1547419860931,3568.7,3449.6
1547419861046,3568.6,3449.6
1547419861330,3568.6,3449.5
1547419861749,3568.7,3449.5
1547419862525,3568.9,3449.5
1547419862965,3568.7,3449.5
1547419863213,3568.8,3449.5
1547419863507,3568.8,3449.6
1547419863651,3568.7,3449.7
1547419863850,3568.8,3449.7
1547419864323,3568.7,3449.7
1547419864572,3568.9,3449.7
1547419865173,3568.8,3449.7
1547419865606,3568.7,3449.7
1547419865851,3568.7,3449.6
1547419866106,3568.8,3449.6
1547419867295,3568.7,3449.6
1547419867547,3568.9,3449.6
1547419868097,3568.9,3449.7
1547419868595,3568.7,3449.7
1547419868848,3568.8,3449.7
1547419872097,3568.9,3449.7
1547419875940,3568.9,3449.5
1547419878691,3568.8,3449.5
1547419879717,3568.7,3449.5
1547419879968,3568.9,3449.5
1547419880018,3568.9,3449.7
1547419880295,3568.9,3449.6
1547419880491,3568.9,3449.7
1547419881537,3568.9,3449.6
1547419881738,3568.9,3449.7
1547419881937,3568.9,3449.6
1547419882053,3568.8,3449.6
1547419883910,3568.7,3449.6
1547419884791,3568.8,3449.6
1547419886568,3568.7,3449.6
1547419886815,3568.7,3449.5
1547419888334,3568.6,3449.5
1547419889112,3568.7,3449.5
1547419890642,3568.6,3449.5
1547419891142,3568.5,3449.5
1547419891384,3568.5,3449.4
1547419891984,3568.5,3449.3
1547419892586,3568.5,3449.2
1547419893015,3568.4,3449.2
1547419894495,3568.4,3449
1547419894697,3568.4,3448.7
1547419895015,3568.5,3448.7
1547419896216,3568.5,3449
1547419896616,3568.5,3448.9
1547419896815,3568.5,3449
1547419897016,3568.5,3448.9
1547419897617,3568.5,3449
1547419897815,3568.5,3448.9
1547419898371,3568.4,3448.9
1547419898580,3568.4,3449
1547419898720,3568.5,3449
1547419898921,3568.5,3448.9
1547419899321,3568.5,3449
1547419899521,3568.4,3449
1547419900321,3568.4,3449.2
1547419901612,3568.5,3449.2
1547419901920,3568.5,3449.3
1547419902169,3568.4,3449.3
1547419902418,3568.5,3449.3
1547419902778,3568.4,3449.3
1547419903383,3568.4,3449.4
1547419903583,3568.3,3449.3
1547419903724,3568.5,3449.3
1547419903984,3568.5,3449.4
1547419904183,3568.5,3449.3
1547419904383,3568.5,3449.4
1547419904529,3568.4,3449.4
1547419905223,3568.4,3449.3
1547419905556,3568.6,3449.3
1547419905849,3568.4,3449.3
1547419906596,3568.5,3449.3
1547419906845,3568.4,3449.2
1547419907588,3568.5,3449.2
1547419907804,3568.5,3449.1
1547419908004,3568.5,3449.2
1547419908241,3568.4,3449.2
1547419908405,3568.4,3449.3
1547419908610,3568.5,3449.3
1547419908853,3568.3,3449.3
1547419909104,3568.4,3449.3
1547419909513,3568.4,3449.2
1547419910045,3568.5,3449.2
1547419911310,3568.5,3449.3
1547419912280,3568.6,3449.3
1547419912730,3568.6,3449.4
1547419913953,3568.6,3449.3
1547419915577,3568.4,3449.3
1547419915828,3568.6,3449.3
1547419916140,3568.5,3449.3
1547419916329,3568.6,3449.3
1547419918450,3568.6,3449.2
1547419918630,3568.4,3449.2
1547419918880,3568.5,3449.3
1547419920428,3568.5,3449.2
1547419920632,3568.5,3449.3
1547419920828,3568.5,3449.2
1547419922152,3568.6,3449.2
1547419923575,3568.7,3449.2
1547419924740,3568.6,3449.2
1547419926148,3568.7,3449.2
1547419926764,3568.5,3449.2
1547419928065,3568.6,3449.2
1547419928589,3568.5,3449.2
1547419928839,3568.7,3449.2
1547419929453,3568.7,3449.4
1547419929653,3568.7,3449.5
1547419931126,3568.5,3449.5
1547419931376,3568.6,3449.5
1547419932070,3568.7,3449.5
1547419932322,3568.6,3449.5
1547419933070,3568.7,3449.5
1547419933326,3568.6,3449.5
1547419933569,3568.8,3449.5
1547419934076,3568.7,3449.5
1547419936059,3568.7,3449.6
1547419936259,3568.7,3449.5
1547419936459,3568.7,3449.4
1547419938293,3568.5,3449.4
1547419938545,3568.6,3449.4
1547419939700,3568.5,3449.4
1547419939950,3568.7,3449.4
1547419940450,3568.5,3449.4
1547419940700,3568.6,3449.4
1547419941278,3569.2,3449.4
1547419942349,3568.8,3449.4
1547419943172,3568.9,3449.4
1547419943422,3568.8,3449.4
1547419944391,3568.6,3449.4
1547419946717,3568.7,3449.4
1547419947788,3568.8,3449.4
1547419949007,3569,3449.4
1547419949256,3568.8,3449.4
1547419950172,3568.7,3449.4
1547419950422,3568.9,3449.4
1547419951052,3568.6,3449.4
1547419951894,3568.7,3449.4
1547419952478,3568.6,3449.4
1547419952754,3568.7,3449.4
1547419953004,3568.6,3449.4
1547419954177,3568.7,3449.4
1547419954427,3569,3449.4
1547419955502,3568.9,3449.4
1547419955753,3568.8,3449.4
1547419956004,3568.9,3449.4
1547419956623,3568.7,3449.4
1547419957177,3568.6,3449.4
1547419957429,3568.7,3449.4
1547419959048,3568.6,3449.4
1547419961326,3568.3,3449.4
1547419961576,3568.7,3449.4
1547419961627,3568.7,3449.2
1547419962056,3568.8,3449.2
1547419962995,3568.5,3449.2
1547419963562,3568.6,3449.2
1547419963812,3568.5,3449.2
1547419964088,3568.6,3449.2
1547419964203,3568.6,3449.1
1547419964662,3568.7,3449.1
1547419964912,3568.6,3449.1
1547419965597,3568.6,3449.2
1547419965797,3568.6,3449.1
1547419965998,3568.6,3449
1547419966447,3568.4,3449
1547419966680,3568.5,3449
1547419967198,3568.5,3448.9
1547419968197,3568.5,3448.8
1547419968386,3568.3,3448.8
1547419968647,3568.7,3448.8
1547419969136,3568.5,3448.8
1547419970610,3568.4,3448.8
1547419971425,3568.3,3448.8
1547419971980,3568.2,3448.8
1547419972036,3567.7,3448.2
1547419972230,3567.7,3448.1
1547419972564,3567.7,3448.2
1547419972814,3567.7,3448.1
1547419973207,3567.7,3448.4
1547419973789,3567.7,3448.3
1547419974040,3567.7,3448.2
1547419974385,3567.7,3448.1
1547419976111,3567.7,3447.9
1547419976608,3567.7,3448
1547419976858,3567.7,3448.1
1547419977940,3567.7,3447.8
1547419978258,3567.6,3447.6
1547419978509,3567.7,3448
1547419978758,3567.7,3447.9
1547419979052,3567.7,3447.8
1547419979360,3567.4,3447.6
1547419983035,3567.3,3447.6
1547419991849,3567.4,3447.6
1547419999374,3567.3,3447.6
1547420007536,3567.3,3447.5
1547420010026,3567.4,3447.5
1547420010276,3567.3,3447.5
1547420017404,3567.3,3447.7
1547420018044,3567.4,3447.7
1547420018165,3567.4,3447.6
1547420018294,3567.3,3447.6
1547420018544,3567.4,3447.6
1547420020964,3567.4,3447.7
1547420022043,3567.3,3447.7
1547420022582,3567.1,3447.7
1547420022833,3567.2,3447.7
1547420023006,3567.2,3447.6
1547420024072,3567.3,3447.6
1547420026046,3567.2,3447.6
1547420026297,3567.3,3447.6
1547420027033,3567.4,3447.6
1547420027669,3567.3,3447.6
1547420028054,3567.2,3447.6
1547420029521,3567.2,3447.5
1547420031051,3567.1,3447.5
1547420037117,3567.2,3447.5
1547420037299,3567.1,3447.5
1547420039548,3567.2,3447.5
1547420039833,3567.1,3447.5
1547420040533,3567.2,3447.5
1547420040784,3567.1,3447.5
1547420043262,3567,3447.5
1547420043790,3567.1,3447.5
1547420045062,3567,3447.5
1547420049357,3567.1,3447.5
1547420051977,3567.1,3447.4
1547420057527,3567.2,3447.4
1547420059051,3567.1,3447.4
1547420059725,3567.5,3447.5
1547420059975,3567.1,3447.4
1547420060479,3567.4,3447.4
1547420065077,3567.5,3447.5
1547420068965,3567.5,3447.6
1547420070212,3567.5,3447.5
1547420070456,3567.5,3447.6
1547420072127,3567.5,3447.7
1547420073002,3567.5,3447.6
1547420073252,3567.5,3447.7
1547420076042,3567.5,3447.8
1547420078748,3567.5,3447.7
1547420079031,3567.5,3447.6
1547420080062,3567.5,3447.5
1547420080948,3567.4,3447.4
1547420081198,3567.2,3447.4
1547420082453,3567,3447.4
1547420083150,3566.5,3447.4
1547420083200,3566.5,3446.9
1547420083536,3566.8,3446.9
1547420084058,3566.7,3446.9
1547420084308,3566.2,3446.8
1547420084658,3566.1,3446.8
1547420085323,3565.9,3446.8
1547420085546,3566,3446.8
1547420085834,3566.2,3446.8
1547420086090,3565.8,3446.8
1547420086421,3566,3446.8
1547420086671,3566.2,3446.8
1547420087907,3566.1,3446.8
1547420088158,3566.2,3446.8
1547420088407,3566.1,3446.8
1547420090759,3565.9,3446.8
1547420091919,3564.7,3446.1
1547420091969,3566.1,3446.8
1547420092157,3566,3446.8
1547420092765,3565.9,3446.8
1547420093265,3565.6,3446.8
1547420094070,3565.3,3446.8
1547420095149,3565.2,3446.8
1547420096247,3565.3,3446.8
1547420097364,3565.2,3446.8
1547420098422,3565.5,3446.8
1547420099374,3565.5,3446.6
1547420099503,3565.2,3446.6
1547420100984,3565.4,3446.6
1547420101235,3565.1,3446.6
1547420101738,3565,3446.6
1547420103246,3565.2,3446.6
1547420103496,3565,3446.6
1547420103948,3565.1,3446.6
1547420106083,3564.9,3446.6
1547420106333,3565,3446.6
1547420107214,3564.8,3446.6
1547420108331,3564.9,3446.6
1547420109448,3565.4,3446.6
1547420110535,3565,3446.6
1547420110883,3564.8,3446.6
1547420111676,3564.7,3446.6
1547420112974,3564.8,3446.6
1547420113586,3564.8,3446.5
1547420113785,3564.8,3445.8
1547420113985,3564.9,3445.7
1547420115791,3564.7,3445.7
1547420116040,3564.9,3445.7
1547420116290,3564.8,3445.7
1547420116540,3564.7,3445.7
1547420116790,3564.6,3445.7
1547420117090,3564.7,3445.7
1547420118261,3564.8,3445.7
1547420118922,3564.9,3445.7
1547420119125,3564.7,3445.7
1547420119375,3564.9,3445.7
1547420119626,3565,3445.7
1547420123040,3565.2,3445.7
1547420123421,3565.3,3445.7
1547420124283,3565.5,3445.7
1547420124533,3565.4,3445.7
1547420124787,3565.5,3445.7
1547420125033,3565.4,3445.7
1547420126150,3565.5,3445.7
1547420126401,3565.4,3445.7
1547420127048,3565.5,3445.7
1547420128042,3565.4,3445.7
1547420129049,3565.5,3445.7
1547420130057,3565.4,3445.7
1547420133063,3565.3,3445.7
1547420133313,3565.1,3445.7
1547420133563,3565.5,3445.7
1547420133910,3565.1,3445.7
1547420134160,3565.2,3445.7
1547420134467,3565.1,3445.7
1547420134718,3565.2,3445.7
1547420135644,3565,3445.7
1547420136820,3564.8,3445.7
1547420137073,3565.1,3445.7
1547420141032,3565,3445.7
1547420141283,3565.1,3445.7
1547420142158,3565,3445.7
1547420142407,3565.1,3445.7
1547420144165,3565.1,3445.1
1547420145138,3565.2,3445.3
1547420145388,3565.2,3445.2
1547420145638,3565.2,3445.6
1547420145888,3565.2,3445.7
1547420146388,3565.1,3445.1
1547420146638,3564.9,3445.1
1547420146888,3565,3445.1
1547420147626,3564.8,3445.1
1547420149791,3565,3445.1
1547420150400,3565.2,3445.2
1547420150876,3564.7,3445.1
1547420152538,3564.6,3445.1
1547420152788,3564.7,3445.1
1547420153915,3564.8,3445.1
1547420154166,3564.7,3445.1
1547420154486,3564.8,3445.1
1547420154740,3564.7,3445.1
1547420156067,3565,3445.1
1547420156317,3564.3,3445.1
1547420156752,3564.4,3445.1
1547420157998,3564.4,3445.5
1547420158212,3564.5,3445.5
1547420158598,3564.5,3445.6
1547420158882,3564.3,3445.6
1547420159133,3564.6,3445.6
1547420162703,3564.3,3445.6
1547420162953,3564.5,3445.6
1547420163203,3564.6,3445.7
1547420164041,3564.7,3445.7
1547420164376,3564.7,3445.8
1547420166151,3564.8,3445.8
1547420166376,3564.8,3445.9
1547420166575,3564.9,3445.9
1547420166967,3565.3,3445.9
1547420167176,3565.3,3446
1547420167467,3565.4,3446
1547420168175,3565.4,3446.1
1547420169347,3565.6,3446.1
1547420169645,3565.7,3446.1
1547420169818,3565.7,3445.7
1547420170063,3565.7,3445.8
1547420170436,3565.7,3446.4
1547420172622,3565.7,3446.5
1547420173750,3565.7,3446.3
1547420173801,3566.3,3447.7
1547420174807,3566.4,3447.7
1547420174857,3565.7,3446.4
1547420175057,3565.7,3446.5
1547420175904,3565.7,3446.7
1547420176975,3565.7,3446.5
1547420178056,3565.7,3446.4
1547420178306,3565.7,3446.3
1547420182376,3565.8,3446.3
1547420189204,3565.8,3446.2
1547420190047,3565.8,3445.8
1547420191132,3565.8,3445.9
1547420191313,3565.5,3445.9
1547420193043,3565.5,3446
1547420194409,3565.5,3445.8
1547420199148,3565.6,3445.8
1547420200041,3565.6,3445.7
1547420200349,3565.7,3445.7
1547420201041,3565.7,3445.8
1547420201542,3565.7,3445.7
1547420201791,3565.7,3445.8
1547420201986,3565.8,3445.8
1547420202836,3565.3,3445.7
1547420203052,3565.8,3445.9
1547420203346,3565.4,3445.7
1547420203552,3565.8,3445.9
1547420203899,3565.4,3445.7
1547420204149,3565.8,3445.8
1547420205061,3565.8,3445.9
1547420205566,3565.5,3445.7
1547420205865,3565.8,3446
1547420208054,3565.8,3445.8
1547420210684,3565.8,3446.3
1547420211771,3565.8,3446.4
1547420212584,3565.9,3446.4
1547420213561,3565.9,3446.5
1547420213821,3565.9,3446.4
1547420214563,3565.9,3446.5
1547420217216,3565.9,3446.6
1547420218035,3566,3446.6
1547420218296,3566,3446.4
1547420218546,3566,3446.1
1547420218796,3566,3446
1547420219046,3565.9,3445.9
1547420219546,3565.3,3445.9
1547420219797,3565.4,3445.9
1547420220176,3565.5,3445.9
1547420220461,3565.9,3445.9
1547420221055,3565.8,3445.9
1547420223681,3565.9,3445.9
1547420228038,3565.7,3445.9
1547420229055,3565.6,3445.9
1547420229301,3565.7,3445.9
1547420230204,3565.8,3445.9
1547420230972,3565.8,3445.8
1547420231171,3565.5,3445.8
1547420231283,3565.3,3445.4
1547420232100,3565.4,3445.4
1547420232357,3565.3,3445.4
1547420235032,3565.2,3445.4
1547420235872,3564.9,3445.4
1547420238624,3564.9,3445.5
1547420239626,3564.9,3445.6
1547420240624,3564.9,3445.7
1547420241256,3564.9,3445.4
1547420244883,3564.9,3446
1547420246409,3564.9,3446.1
1547420247060,3565,3446.1
1547420247410,3565,3446.2
1547420248409,3565,3446.3
1547420249207,3564.9,3446.3
1547420249410,3564.9,3446.4
1547420249610,3564.9,3446.6
1547420251041,3565,3446.6
1547420252053,3564.9,3446.6
1547420253055,3565.2,3446.6
1547420255223,3565.8,3446.6
1547420257053,3565.6,3446.6
1547420259744,3565.7,3446.6
1547420260012,3565.6,3446.6
1547420260083,3565.6,3446.1
1547420260244,3565.7,3446.1
1547420262932,3565.6,3446
1547420263182,3565.7,3446
1547420264036,3565.6,3446
1547420274041,3565.5,3446
1547420274893,3565.1,3446
1547420276043,3565.7,3446
1547420282058,3565.6,3446
1547420291045,3565.5,3446
1547420293550,3565.5,3446.1
1547420294687,3565.3,3446.1
1547420294912,3565.3,3446
1547420295114,3565.4,3446.1
1547420295436,3564.9,3446.1
1547420295686,3564.8,3446
1547420295936,3564.9,3446.1
1547420296634,3565.4,3446.1
1547420296884,3565,3446.1
1547420297125,3565,3446
1547420297176,3565.5,3446
1547420297325,3565.5,3446.1
1547420298163,3565.5,3446
1547420298363,3565.6,3446.1
1547420298664,3565.5,3446.1
1547420299156,3565.6,3446.1
1547420299657,3565.5,3446.1
1547420300037,3565.6,3446.1
1547420305887,3565.1,3446.1
1547420306137,3565.6,3446.1
1547420306387,3565.1,3446.1
1547420308276,3565.1,3446
1547420310785,3565.1,3446.1
1547420311317,3565.6,3446.1
1547420311567,3565.1,3446.1
1547420311975,3565.6,3446.1
1547420312225,3565.2,3446.1
1547420313985,3565.3,3446.1
1547420314428,3565.3,3446
1547420314990,3565.7,3446
1547420315277,3565.3,3446
1547420315741,3565.4,3446
1547420316002,3565.8,3446
1547420316265,3565.4,3446
1547420316414,3565.4,3445.9
1547420316502,3565.8,3445.9
1547420316814,3565.8,3446
1547420317249,3565.9,3446
1547420317431,3565.9,3446.1
1547420317498,3565.4,3446.1
1547420317748,3565.5,3446.1
1547420318021,3565.4,3446.1
1547420318323,3565.5,3446.1
1547420318521,3565.7,3446.1
1547420319397,3565.5,3446.1
1547420319658,3565.4,3446.1
